5242 6280
2268 741 2357 808 80

521 953 780 1012 narratas,
816 953 874 999 ut
905 948 1023 1013 ipse
1056 961 1264 1014 quoque
1299 947 1430 1000 dicit
1460 944 1546 1013 28,
1564 946 1633 1001 48
1650 962 1764 1014 sqq.
1806 961 1937 998 noaz
1975 946 2058 999 ich
2098 947 2200 999 dde-
2238 947 2361 1001 inne
2398 949 2549 1002 vinde
2592 963 2692 1000 von
2731 946 2873 1000 dome
2922 947 3105 1002 minen
3146 951 3298 1005 kinds
3339 951 3439 1004 aaa
3479 951 3563 1004 wil
3607 953 3686 1006 isle
3730 953 3963 1007 sch-{ben
3995 957 4111 1008 und

518 1034 718 1086 πίτηπιε.
772 1034 867 1086 sed
902 1035 1111 1086 etiamsi
1148 1034 1415 1086 Ouonradi
1447 1047 1659 1086 carmen
1693 1033 1917 1084 maxime
1951 1037 2166 1085 secutus
2202 1038 2302 1094 est.
2336 1041 2514 1088 umen
2546 1035 2669 1087 aliis
2702 1034 2934 1087 fontibus
2968 1052 3076 1088 non
3111 1052 3327 1104 prorsus
3360 1041 3711 1093 renunciavit.
3765 1056 3892 1092 nam
3923 1041 4100 1093 locum

518 1122 738 1174 Jesaiae
772 1118 858 1185 38,
880 1116 949 1173 16
965 1137 1078 1187 sqq.
1122 1122 1238 1172 sine
1282 1120 1443 1172 dubio
1489 1134 1555 1172 ex
1596 1121 1733 1171 libro
1776 1119 1844 1170 de
1887 1119 2111 1172 infantia
2143 1120 2347 1173 Mariae
2391 1126 2444 1174 et
2479 1121 2676 1173 Christi
2708 1121 2990 1175 salvatoris
3029 1125 3252 1191 sumpsit
3300 1120 3372 1189 (v.
3407 1124 3547 1178 infra
3578 1126 3700 1179 adn.
3726 1122 3872 1190 241),
3905 1142 3941 1178 e
3973 1126 4109 1180 libro

519 1206 769 1258 historico
803 1205 972 1258 latino
1005 1206 1185 1273 aliquo
1221 1223 1288 1258 ea
1321 1222 1455 1272 quae
1489 1207 1649 1258 habet
1683 1206 1770 1269 44,
1791 1200 2030 1269 :io—⁴6,
2054 1200 2125 1258 56
2161 1206 2227 1257 de
2254 1206 2486 1259 Herodis
2516 1209 2575 1259 in
2608 1206 2746 1260 filios
2781 1208 2903 1260 odio
2938 1212 2994 1260 et
3026 1208 3094 1261 de
3127 1214 3298 1261 morte
3331 1212 3561 1273 tyranni.
3595 1212 3853 1264 latronem
3886 1215 4105 1265 nomine

520 1293 757 1360 appellat
789 1291 875 1355 48,
891 1288 978 1345 26.
1013 1291 1102 1357 34,
1134 1293 1277 1358 quod
1313 1291 1627 1344 Cuonradus
1662 1294 1865 1344 omisit:
1910 1292 2098 1343 habuit
2136 1308 2330 1344 nomeu
2363 1309 2473 1345 non
2507 1309 2570 1345 ex
2607 1292 2891 1346 bibliorum
2926 1311 3194 1347 sacrorum
3226 1297 3437 1359 notitia,
3488 1301 3549 1347 ut
3590 1297 3762 1350 voluit
3796 1298 4109 1351 Bartscbius

521 1380 558 1432 1.
594 1397 641 1433 c.
677 1395 730 1445 p.
746 1377 851 1434 439
885 1395 939 1446 p.
976 1376 1111 1432 med.
1147 1378 1381 1443 (nomina
1413 1377 1674 1429 latronum
1710 1394 1829 1428 cum
1865 1378 2077 1430 Christo
2112 1378 2477 1432 crucifixorum
2509 1381 2566 1431 in
2599 1379 2782 1431 bibliis
2816 1396 2926 1433 nou
2958 1387 3278 1445 occurrunt),
3312 1380 3409 1433 sed
3445 1397 3510 1433 ex
3545 1384 3824 1451 evaugelio
3841 1382 4112 1437 Nicodemi

522 1464 824 1532 apocrypho
859 1480 906 1516 c.
924 1461 976 1519 9.
1013 1460 1097 1527 10,
1130 1466 1208 1515 ita
1240 1469 1419 1517 tamen
1451 1469 1512 1515 ut
1542 1478 1638 1529 pro
1671 1463 1881 1515 Dismas
1912 1465 2076 1523 (hanc
2107 1479 2293 1530 vocem
2329 1466 2693 1517 contaminans
2727 1482 2847 1518 cum
2890 1466 3093 1529 Gestae)
3125 1472 3348 1533 poneret
3390 1466 3616 1519 Gssmas.

725 1551 811 1602 De
854 1549 1073 1617 reliquis
1117 1549 1276 1618 hujus
1319 1551 1618 1617 argumenti
1660 1551 1982 1603 carminibus
2024 1551 2319 1615 theotiscis,
2371 1553 2498 1619 quia
2540 1551 2729 1605 charta
2769 1551 2943 1618 deest,
2993 1555 3315 1607 brevissimis
3358 1558 3563 1606 tantum
3602 1553 3783 1606 verbis
3828 1552 4104 1620 disputare

518 1635 673 1685 nobis
704 1634 847 1686 licet.

723 1721 911 1771 Exstat
943 1721 1000 1771 in
1034 1718 1217 1771 codice
1249 1719 1379 1771 bibl.
1409 1721 1642 1772 univers.
1664 1726 1879 1774 nostrae
1905 1723 2326 1790 Regimontanae
2357 1738 2439 1775 ur.
2464 1718 2569 1778 905
2602 1725 2821 1778 membr.
2851 1740 2960 1777 sec.
2992 1723 3060 1779 14
3093 1725 3186 1778 fol.
3216 1723 3287 1778 27
3312 1742 3364 1777 v.
3387 1722 3610 1777 —d2v.
3646 1738 3911 1776 carmen
3955 1740 4110 1777 ano·

520 1807 694 1869 nymi
747 1804 814 1857 de
866 1807 1146 1858 nativitate
1189 1806 1302 1857 vita
1345 1808 1703 1872 assumptione
1741 1808 1947 1859 Mariae
1989 1810 2241 1876 virginis,
2292 1826 2346 1860 v.
2382 1809 2684 1878 catalogum
2735 1811 2989 1863 librorum
3038 1811 3201 1862 theot.
3244 1825 3505 1861 manuscr.
3546 1809 3752 1877 Regim.
3788 1810 3847 1860 in
3881 1809 4110 1876 Hauptii

523 1890 729 1957 ephem.
755 1888 952 1953 1:3‚524
990 1905 1202 1943 carmen
1234 1891 1492 1953 mutilum,
1526 1892 1584 1943 id
1617 1892 1759 1960 quod
1791 1893 1949 1945 valde
1983 1892 2266 1945 dolendum
2302 1899 2405 1946 est:
2442 1911 2579 1948 unus
2614 1897 2914 1963 quinternio
2947 1912 3136 1950 versus
3170 1897 3284 1948 fere
3314 1892 3451 1949 1000
3487 1894 3839 1960 complectens
3874 1894 4040 1947 deest.
4074 1911 4111 1948 a

520 1982 678 2043 poeta
718 1978 856 2028 bono
902 1982 1137 2042 tempore
1179 1978 1308 2029 artis
1353 1983 1592 2029 maturae
1634 1984 1760 2030 ante
1793 1979 2023 2032 medium
2066 1980 2306 2032 seculum
2331 1978 2398 2033 13
2431 1983 2492 2033 iu
2525 1983 2832 2050 regionibus
2859 1982 3034 2035 Rheni
3078 1982 3343 2034 inferioris
3387 1982 3730 2047 compositum
3767 1980 3868 2032 hoc
3902 1996 4022 2033 esse
4057 1984 4111 2032 et

521 2062 674 2114 stilus
708 2077 1060 2129 versuumque
1092 2063 1573 2130 componendorum
1605 2067 1742 2116 ratio
1777 2071 1832 2117 et
1864 2082 2033 2133 genus
2050 2066 2269 2134 liuguae
2297 2066 2502 2120 docent.
2538 2068 2721 2120 titulus
2755 2070 3002 2121 carminis
3032 2073 3138 2121 est:
3178 2069 3285 2119 Etr
3319 2067 3546 2134 beyinnet
3577 2082 3682 2118 van
3714 2082 3872 2120 unser
3903 2080 4105 2119 vroroen

521 2148 795 2216 hodescaplz
826 2148 964 2199 nmde
995 2166 1100 2202 vem
1132 2148 1227 2201 der
1259 2149 1371 2201 bort
1403 2158 1539 2202 sente
1576 2150 1786 2201 Marica
1816 2149 2276 2216 derfimovrowm.
2333 2155 2524 2219 incipit

1093 2235 1637 2288 Nuwesiteinluaeel
1669 2236 1800 2288 stille
2457 2238 2774 2291 clasma-ket
2806 2239 3114 2302 reclaudet:
3144 2237 3534 2306 saffdchhie.

1088 2320 2011 2374 mdvmemitdaziohdcltwille
2457 2323 3196 2392 atde-{ldenirqotando-ie

1099 2406 1709 2460 mdiaenwkdaden
2461 2408 3275 2476 undkofienedldeundehoe‘l.

1090 2492 1769 2560 mascnyddenlssden,
2325 2489 2397 2546 20
2461 2495 3244 2564 stqdvmirsyddises‘ndeil

990 2580 1025 2633 5
1093 2580 1773 2633 melam-mmm
2460 2581 3380 2651 denarvoendmfliqendurchyot

1094 2657 1930 2734 andvanii-meyfideumanne,
2454 2666 3353 2737 mdkistanmaealmqebot,

1093 2751 1809 2819 diewasJbachimyenant.
2460 2751 3219 2822 aasenderzademtempla,

1092 2837 1836 2901 dickewarthzdatbekam,
2455 2840 3193 2906 danmanspadswndevra

1093 2929 1139 2976 st
1166 2925 1350 2992 pleysa
1378 2922 1555 2991 ,φύειν
1583 2924 1719 2991 qnae
2323 2922 2393 2979 25
2458 2926 2574 2979 iren
2605 2927 2840 2992 soeppssre
2871 2925 3053 2977 diendo
3085 2942 3195 2978 ave.

960 3007 1029 3064 10
1095 3008 1665 3063 andwerenfithmssde
2459 3011 3424 3064 vmdmndae-iddmdeaeimkavo

1093 3096 1205 3150 und
1235 3097 1399 3150 deden
1426 3111 1585 3164 yeme
1617 3094 1798 3147 rechte.
2458 3097 2703 3165 beytnqen
2735 3099 2780 3148 st
2813 3096 2981 3149 adven
3013 3096 3134 3149 sich.

1092 3182 1751 3246 siwdrenhonincsleohte‚
2457 3182 3271 3237 dommitniohaembiuoeh

1095 3267 1992 3330 mammarmdochnaehtrtkq
2459 3268 3196 3332 daaestkaddendestenu‘n,

1089 3370 1227 3406 wenc
1256 3355 1358 3407 das
1391 3354 1464 3406 sie
1494 3352 1736 3405 reinelike
2323 3351 2393 3408 30
2457 3362 2595 3406 want
2625 3354 2840 3406 uttrecht
2867 3354 3031 3422 gemin

959 3441 1025 3495 15
1093 3441 1200 3493 sicli
1230 3441 1453 3494 nes-eden
1484 3440 1623 3492 unde
1656 3440 1913 3508 beginqen.
2453 3458 2560 3492 was
2591 3442 2650 3493 in
2680 3441 2779 3493 vile
2809 3442 3031 3493 amouere

1088 3528 1180 3579 wie
1213 3527 1285 3578 sie
1317 3528 1415 3580 daz
1446 3543 1546 3579 aas
1577 3530 1779 3595 vtnqen,
2452 3525 2611 3576 strider
2642 3526 2758 3577 iren
2789 3527 3038 3594 sappho.

519 3614 713 3668 fontem
754 3614 1004 3667 carminis
1045 3629 1154 3665 non
1200 3615 1366 3665 fuisse
1406 3614 1599 3666 librum
1646 3614 1714 3666 de
1753 3613 1979 3665 infantia
2009 3611 2215 3663 Mariae
2264 3617 2319 3665 et
2348 3611 2546 3664 Christi
2586 3612 2863 3666 salvatoris
2907 3629 2972 3666 eo
3006 3613 3188 3665 statim
3221 3614 3446 3678 apparet
3478 3608 3621 3676 quod
3655 3612 3748 3678 qui
3774 3611 4109 3667 Joachimum

520 3702 575 3750 in
609 3701 806 3766 templo
832 3699 1005 3766 rejicit
1026 3714 1134 3751 non
1157 3704 1242 3752 est
1264 3699 1457 3751 Buben
1491 3698 1587 3752 sed
1602 3698 1818 3751 Isachar
1854 3711 1927 3754 (v.
1953 3712 2092 3765 quae
2125 3698 2267 3749 infra
2300 3697 2423 3750 adn.
2440 3694 2510 3750 29
2543 3697 2969 3763 memoravimus)
3006 3703 3061 3750 et
3093 3696 3236 3764 quod
3269 3694 3496 3763 angelus
3518 3694 3850 3750 Joachimum
3884 3700 4107 3765 primum

521 3786 659 3836 editt
709 3801 849 3851 quae
882 3791 1180 3853 congruunt
1214 3801 1334 3837 cum
1367 3786 1503 3838 libro
1539 3785 1607 3837 de
1641 3787 1922 3838 nativitate
1944 3784 2148 3837 Mariae
2183 3799 2230 3837 c.
2252 3782 2282 3836 1
2310 3789 2364 3835 et
2384 3780 2437 3838 2.
2489 3784 2545 3834 in
2580 3783 2765 3836 eodem
2800 3785 3031 3836 carmine
3068 3785 3227 3835 etiam
3263 3781 3552 3847 assumptio
3568 3780 3774 3834 Mariae
3805 3784 4109 3837 continetur

518 3870 677 3934 (hanc
711 3873 1064 3923 narrationem
1096 3870 1366 3937 peculiare
1400 3887 1518 3923 esse
1558 3886 1772 3923 carmen
1817 3872 1986 3923 minus
2022 3876 2163 3922 recte
2199 3870 2464 3936 judicavit
2506 3870 2601 3936 qui
2643 3870 2854 3935 scripsit
2887 3869 3186 3937 catalog-um
3217 3868 3468 3920 librorum
3503 3872 3799 3920 nostrorum
3832 3868 3871 3925 1.
3905 3873 3998 3933 c.),
4049 3870 4111 3920 in

521 3973 627 4023 qua
661 3955 955 4008 enarranda
985 3956 1506 4010 Pseudo-Melitouis
1539 3958 1727 4009 librum
1762 3957 1831 4009 de
1876 3959 2105 4010 transitu
2138 3956 2343 4009 Mariae
2384 3961 2600 4008 secutus
2648 3961 2732 4007 est
2760 3961 2938 4021 poeta.
2992 3960 3223 4008 ceterum
3256 3954 3413 4021 plura
3444 3951 3750 4020 propediem
3781 3954 3841 4006 in
3875 3954 4110 4008 editione

522 4044 767 4094 carminis
801 4057 1041 4108 agamus.

723 4128 839 4181 Sec.
867 4125 933 4181 13
961 4134 1186 4181 exeunte
1219 4129 1311 4182 vel
1345 4126 1414 4183 14
1446 4131 1663 4181 ineunte
1695 4129 2051 4197 Philippus
2085 4128 2524 4180 Oartusianus
2558 4125 2915 4178 monachus
2960 4141 3172 4178 carmen
3217 4126 3346 4177 satis
3389 4124 3625 4191 amplum
3657 4122 3725 4176 de
3758 4125 3871 4177 vita
3898 4125 4108 4177 Mariae

517 4214 740 4280 virginis
775 4215 1088 4280 conscripsit
1122 4220 1177 4268 et
1208 4215 1279 4268 ad
1311 4215 1502 4268 stati-es
1535 4214 1719 4267 domus
1753 4219 2139 4269 teutonicorum
2172 4220 2425 4282 tauquam
2460 4212 2531 4265 ad
2556 4212 2818 4279 speciales
2845 4212 3073 4279 virginis
3101 4212 3332 4264 cultores
3365 4212 3523 4263 misit.
3574 4210 3798 4262 inseruit
3830 4209 3958 4261 huic
3990 4224 4107 4261 car-

516 4300 645 4350 mini
681 4301 842 4351 etiam
874 4299 941 4351 de
957 4300 1092 4353 Jesu
1124 4302 1326 4353 infante
1361 4306 1415 4356 et
1449 4317 1612 4368 puero
1644 4302 1871 4356 fabulas.
1926 4308 2132 4356 exstant
2164 4300 2374 4353 codices
2409 4299 2562 4351 multi
2595 4299 2788 4365 partim
2823 4298 3059 4365 linguam
3094 4299 3298 4350 mediae
3327 4296 3642 4349 Germaniae
3675 4291 3838 4362 (quae
3885 4300 3967 4347 est
4012 4312 4107 4362 ge-

516 4388 683 4437 nuina
714 4385 874 4453 hujus
910 4388 1106 4453 operis)
1142 4386 1475 4453 profitentes,
1527 4390 1721 4453 partim
1758 4405 1821 4440 ex
1866 4389 1967 4442 hac
2011 4391 2068 4441 in
2103 4389 2280 4440 varias
2323 4391 2377 4438 et
2421 4385 2686 4446 inferioris
2738 4388 2792 4435 et
2831 4385 3117 4450 superioris
3151 4383 3466 4436 Germaniae
3501 4379 3756 4432 dialectos
3789 4382 4100 4448 transcripti

514 4487 726 4524 carmen
761 4476 900 4524 enim
932 4474 1034 4526 hoc
1066 4489 1163 4539 per
1196 4478 1363 4525 totum
1397 4474 1637 4526 seculum
1655 4473 1719 4528 14
1738 4480 1795 4526 et
1812 4471 1878 4527 15
1893 4474 2051 4527 valde
2086 4473 2348 4541 placuisse
2389 4487 2453 4523 eo
2489 4487 2698 4538 quoque
2732 4473 2880 4536 patet
2913 4468 3055 4535 quod
3089 4470 3246 4520 etism
3277 4482 3398 4518 cum
3430 4465 3552 4517 aliis
3578 4466 3915 4529 carminibus,
3949 4481 4108 4533 quae.

517 4557 787 4610 historiam
822 4560 1003 4611 mundi
1036 4559 1315 4625 complecti
1348 4560 1587 4623 student,
1633 4562 2045 4612 contaminatum
2079 4562 2136 4611 in
2169 4558 2438 4610 codicibus
2474 4558 2719 4609 occurrit.
2773 4560 3006 4607 ceterum
3041 4556 3134 4621 qui
3169 4553 3334 4607 edidit
3365 4552 3468 4604 hoc
3494 4552 3777 4604 Heinricus
3804 4552 4106 4605 Riickertus

520 4642 744 4708 (Bruder
759 4645 1002 4712 Philipps
1038 4644 1131 4697 des
1150 4644 1497 4698 Carthausers
1513 4646 1881 4698 Marienlebeu
1899 4643 2160 4712 Quedlbg.
2185 4660 2238 4696 u.
2256 4640 2620 4710 Leipz.1853)
2645 4644 2703 4693 in
2739 4641 3081 4710 dijudicanda
3113 4655 3219 4706 qua
3251 4642 3411 4705 poeta
3443 4652 3572 4689 usus
3608 4639 3679 4689 sit
3711 4637 3940 4688 dialecto
3975 4639 4106 4689 miro

520 4730 672 4783 modo
707 4733 919 4785 erravit.
972 4730 1154 4784 eodem
1187 4731 1303 4783 fere
1336 4735 1572 4798 tempore
1604 4734 1694 4784 vel
1727 4732 1886 4799 paulo
1920 4738 2038 4798 post
2060 4729 2440 4783 Waltherus
2465 4729 2947 4781 Beinaviensis
2982 4726 3261 4779 Helvetius
3294 4739 3508 4777 carmen
3542 4723 3834 4788 composuit
3869 4721 4105 4788 ejusdem

521 4821 814 4886 argumenti
847 4820 906 4869 in
938 4822 1165 4885 quatuor
1198 4816 1364 4868 libros
1389 4816 1707 4882 distinctum,
1742 4819 1893 4884 cujus
1922 4816 2130 4869 codices
2159 4820 2368 4868 exstant
2390 4814 2510 4876 duo,
2548 4815 2951 4881 Stuttgartensis
2977 4829 3083 4865 sec.
3105 4810 3170 4865 14
3197 4812 3404 4880 integer
3434 4814 3489 4862 et
3505 4807 3900 4860 carlsruhensis
3935 4809 4108 4875 ejusd.

522 4922 626 4957 sec.
651 4906 892 4969 mutilus3
927 4908 1207 4971 praeterea
1240 4903 1436 4955 codicis
1470 4905 1615 4955 tertii
1656 4904 1952 4970 fragmenta
1985 4903 2165 4954 Turici
2199 4905 2554 4953 asservantur.
2593 4900 2757 4953 edidit
2790 4916 3002 4952 carmen
3029 4898 3347 4951 Adalbertus
3380 4896 3628 4948 Kellerus
3663 4894 3717 4943 in
3751 4893 3946 4945 libellis
3980 4895 4096 4945 uni-

522 4994 780 5045 versitatis
805 4991 1160 5058 Tiibingensis
1195 4991 1346 5041 annis
1369 4985 1512 5041 1849.
1533 4987 1686 5043 1852.
1710 4986 1859 5042 1853.
1883 4987 2015 5042 1855
2039 4988 2210 5040 editis.
2264 4992 2544 5053 utrumque
2570 4992 2783 5054 poetam
2814 4991 2868 5038 et
2885 4985 3189 5052 Philippum
3214 4989 3268 5036 et
3288 4981 3622 5035 waltherum
3654 4994 3817 5029 unum
3856 4979 4102 5031 eundem-

522 5095 625 5143 que
659 5065 891 5130 carmen'
904 5079 1155 5140 latinum,
1199 5078 1364 5128 vitam
1398 5076 1450 5126 b.
1480 5075 1681 5127 Mariae
1716 5077 1935 5141 virginis
1971 5080 2024 5128 et
2057 5076 2337 5127 salvatoris
2371 5075 2669 5137 metricam,
2713 5072 2853 5139 quod
2887 5074 2944 5123 in
2976 5071 3156 5123 multis
3191 5070 3458 5122 variarum
3490 5064 3924 5118 bibliothecarum
3960 5063 4102 5117 codi-

522 5166 671 5216 cibus
709 5170 895 5228 exstat,
933 5168 1144 5216 secutos
1173 5162 1333 5214 fuisse
1359 5159 1672 5227 jamdudum
1707 5162 1840 5213 vidit
1860 5161 2226 5214 Massmannus
2245 5158 2514 5226 (Heidelb.
2535 5159 2720 5212 Jahrb.
2747 5158 2798 5213 d.
2820 5159 2923 5210 [ait.
2946 5174 2995 5210 a.
3017 5152 3153 5210 1826
3170 5171 3222 5222 p.
3241 5150 3421 5220 1184),
3456 5151 3786 5204 confirmavit
3801 5149 4100 5202 Rflckertus

522 5250 856 5303 in‘editiouis
892 5253 1133 5303 carminis
1158 5250 1389 5315 Philippi
1425 5249 1690 5314 prooemio
1715 5247 1909 5313 p.vn1
1939 5253 1994 5300 et
2017 5251 2071 5299 in
2104 5252 2381 5301 comment.
2400 5262 2452 5313 p.
2470 5244 2571 5300 324
2585 5256 2699 5307 sqq.
2752 5242 2945 5311 pendet
2979 5243 3081 5295 hoc
3115 5257 3326 5295 carmen
3360 5239 3584 5293 latinum
3614 5243 3668 5291 et
3694 5252 3814 5289 cum
3850 5252 3912 5289 eo
3947 5238 4100 5289 ambo
