5242 6280
1045 1589 1120 1641 δι’.

1046 3027 1123 3086 Gr.

871 3171 1017 3239 {Cain
1055 3170 1123 3238 3.]

1045 3887 1130 3944 ov.

2907 760 3005 831 12

1153 992 1387 1058 pecora
1428 971 1583 1039 sua!
1617 978 1693 1038 et
1736 972 1914 1038 duxit
1955 970 2156 1038 secum
2194 969 2478 1054 pastores
2508 971 2675 1036 inter
2715 968 2962 1036 montes
2994 971 3060 1035 in
3102 969 3528 1052 longinquum.
3573 968 3666 1034 ita
3703 971 3782 1033 ut
3806 967 3889 1048 ³²)
3932 986 4046 1051 per
4075 971 4313 1037 menses
4332 968 4606 1054 quinque
4634 988 4751 1037 nec

1155 1094 1446 1161 nuntium
1474 1093 1554 1177 ³⁸)
1602 1093 1680 1158 de
1724 1111 1798 1158 eo
1843 1092 2094 1158 audiret
2135 1110 2291 1156 uxor
2335 1090 2478 1157 eius.
2567 1089 2704 1171 Que
2759 1091 2908 1157 dum
2963 1088 3146 1155 fleret
3201 1091 3265 1155 in
3310 1090 3593 1155 oratione
3646 1089 3753 1154 sua
3807 1095 3872 1155 et
3913 1090 4166 1155 diceret.
4223 1093 4468 1158 domine
4496 1092 4578 1170 ³²)
4623 1092 4750 1157 iam

1158 1215 1308 1296 quia
1354 1233 1482 1280 non
1526 1211 1746 1279 dedisti
1788 1213 1940 1278 mihi
1985 1211 2149 1278 filios
2179 1212 2384 1277 uirum
2414 1229 2623 1277 meum
2656 1229 2852 1293 quare
2896 1209 3089 1275 tulisti
3134 1229 3172 1276 a
3201 1211 3342 1279 me?
3394 1210 3556 1275 Ecce
3587 1210 3757 1275 enim
3785 1209 4025 1275 menses
4043 1211 4314 1293 quinque
4340 1212 4750 1291 fluxerunt³⁸)

1160 1342 1225 1402 et
1268 1336 1474 1402 uirum
1518 1352 1729 1399 meum
1772 1351 1896 1399 non
1941 1332 2125 1399 uideo
2170 1336 2235 1398 et
2274 1330 2472 1397 nescio
2517 1331 2625 1397 ubi
2671 1331 2770 1396 sit.
2817 1332 2920 1396 uel
2965 1330 3000 1395 s
3001 1331 3025 1395 i
3066 1329 3353 1395 mortuus
3383 1329 3586 1396 fuiss'et
3623 1331 3684 1396 ei
3714 1330 4093 1412 sepulturam
4126 1330 4412 1398 facerem.
4485 1334 4569 1398 Et
4600 1333 4748 1398 dum

1157 1456 1351 1522 nimis
1382 1454 1566 1521 fleret
1608 1456 1673 1519 in
1717 1453 2038 1519 uiridiario
2071 1453 2149 1533 ⁸⁶)
2198 1451 2419 1518 domus
2450 1451 2552 1532 sue
2597 1452 2662 1515 in
2706 1452 2989 1518 oratione
3013 1451 3094 1528 ³⁷)
3141 1450 3395 1516 eleuans
3427 1450 3641 1517 oculos
3672 1451 3812 1517 suos
3845 1453 3925 1517 ad
3969 1453 4304 1518 dominum.
4350 1453 4507 1519 uidit
4533 1454 4751 1519 nidum

1156 1577 1465 1660 passerum
1503 1576 1513 1658 Ι
1551 1576 1615 1640 in
1661 1573 1887 1639 arbore
1945 1573 2126 1638 lauri.
2171 1578 2237 1639 et
2279 1571 2454 1637 misit
2494 1589 2713 1636 uocem
2759 1588 2901 1636 cum
2946 1572 3186 1654 gemitu
3229 1571 3311 1637 ad
3354 1571 3671 1637 dominum
3727 1574 3956 1639 dicens.
4048 1572 4313 1638 Domine
4358 1572 4509 1638 deus
4553 1573 4750 1637 omni-

1160 1702 1386 1781 potens
1430 1696 1537 1778 qui
1582 1695 1751 1759 omni
1795 1698 2080 1775 creature
2127 1692 2363 1759 donasti
2405 1691 2645 1758 liberos.
2694 1694 2760 1756 et
2786 1690 3031 1757 bestiisl
3073 1696 3138 1757 et
3164 1691 3470 1757 iumentis.
3518 1697 3584 1759 et
3611 1690 4003 1774 repentibusl
4044 1699 4110 1758 et
4138 1692 4406 1775 piscibus
4418 1699 4437 1737 s
4480 1703 4545 1758 et
4573 1692 4748 1757 uolu-

1155 1816 1368 1885 cribus
1385 1828 1402 1860 Ι
1444 1820 1511 1881 et
1545 1832 1762 1880 omnes
1806 1813 1988 1895 super
2016 1812 2181 1878 filios
2213 1811 2531 1895 gaudent!
2571 1830 2674 1878 me
2717 1810 2906 1877 solam
2950 1811 3417 1894 abenignitatis
3448 1818 3556 1893 tue
3593 1813 3754 1880 dono
3800 1814 4119 1879 excludis?
4165 1813 4261 1877 Tu
4305 1812 4458 1878 nosti
4504 1811 4752 1877 domine

1156 1938 1236 2004 ab
1282 1936 1459 2004 initio
1504 1933 1773 2016 coniugii
1815 1953 1918 1999 me
1960 1933 2076 1999 hoc
2106 1932 2334 1998 uouiffe
2350 1931 2469 2016 ⁸⁸)!
2511 1937 2584 1998 ut
2626 1932 2682 1997 si
2725 1931 2988 1999 dediss'es
3018 1931 3173 1996 mihi
3214 1931 3410 2002 filium
3452 1939 3564 1998 aut
3579 1934 3658 2014 ⁸⁹)
3702 1933 3895 2000 filiam
3928 1932 4273 1999 obtulissem
4318 1934 4496 1999 illum
4510 1934 4594 2012 ⁴⁰)
4638 1934 4752 1999 tibi

1155 2060 1221 2123 in
1282 2056 1589 2138 templum
1644 2054 1919 2120 sanctum
1976 2058 2173 2118 tuum.
2263 2053 2349 2119 Et
2406 2053 2555 2120 dum
2607 2052 2724 2118 ista
2781 2052 3019 2119 diceret
3039 2052 3166 2129 ‘¹)!
3229 2060 3377 2119 ante
3430 2052 3653 2119 faciem
3710 2054 3846 2120 eius
3899 2054 4148 2136 aparuit
4195 2054 4457 2135 angelus
4518 2053 4752 2118 domini

1159 2177 1379 2245 dicens.
1468 2176 1613 2242 Noli
1659 2175 1879 2240 timere
1925 2192 2107 2239 anna.
2155 2173 2449 2255 quoniam
2492 2174 2557 2237 in
2602 2172 2853 2239 consilio
2899 2173 3001 2240 dei
3046 2172 3134 2239 est
3176 2191 3431 2256 germen
3475 2172 3698 2238 tuum!
3751 2178 3815 2238 et
3857 2175 4022 2257 quod
4078 2192 4154 2240 ex
4197 2180 4261 2240 te
4304 2178 4520 2239 natum
4564 2172 4756 2239 fuerit

1106 2347 1118 2359 .
1164 2300 1419 2366 dabitur
1462 2299 1526 2363 in
1576 2295 2053 2363 admirationem
2081 2295 2159 2374 ⁴²)
2204 2292 2494 2360 omnibus
2540 2292 2757 2359 seculis
2815 2293 3005 2377 usque
3060 2295 3124 2359 in
3168 2291 3372 2360 finem.
3463 2294 3547 2360 Et
3597 2312 3737 2360 cum
3791 2294 3908 2375 hec
3963 2295 4201 2360 dixiss'et
4255 2295 4331 2361 ab
4388 2294 4585 2360 oculis
4629 2295 4765 2359 eius

1160 2420 1399 2502 elapsvs
1444 2418 1551 2485 est.
1638 2416 1759 2482 Illa
1802 2421 2014 2482 autem
2059 2413 2339 2480 tremens
2384 2413 2552 2496 quod
2597 2413 2844 2479 uidisset
2886 2414 3079 2480 talem
3123 2417 3426 2481 uirtutem
3449 2414 3535 2492 ⁴³)
3593 2421 3658 2480 et
3699 2415 3889 2480 talem
3945 2413 4283 2480 sermonem
4327 2414 4602 2479 audisset.
4659 2415 4752 2479 in-

1157 2539 1359 2624 gressa
1403 2537 1756 2604 cubiculum
1800 2535 2062 2601 iactauit
2105 2532 2165 2599 se
2209 2536 2272 2600 in
2316 2534 2550 2600 lectum
2592 2532 2785 2600 suum.
2832 2539 2898 2599 et
2941 2535 3123 2617 quasi
3165 2539 3414 2601 mortua
3435 2536 3523 2616 ⁴⁴)
3567 2539 3703 2600 tota
3746 2534 3847 2601 die
3891 2539 3957 2601 et
3999 2539 4135 2599 tota
4162 2540 4342 2602 nocte
4384 2535 4447 2600 in
4477 2534 4755 2599 oratione

1158 2659 1523 2744 permansit.
1610 2654 1755 2723 Post
1796 2655 1913 2722 hec
1956 2661 2170 2721 autem
2213 2655 2464 2720 uocauit
2517 2654 2598 2719 ad
2643 2653 2704 2720 se
2758 2655 3048 2721 ancillam
3092 2654 3302 2721 suam!
3355 2662 3420 2722 et
3473 2655 3628 2721 dixit
3685 2654 3761 2720 ei.
3850 2653 4048 2720 Uides
4079 2672 4181 2720 me
4226 2655 4596 2720 uiduitatem
4639 2653 4749 2718 ha-

1159 2782 1413 2848 bentem
1468 2781 1529 2845 in
1579 2776 1880 2860 angustia.
1939 2780 2004 2841 et
2055 2780 2125 2839 tu
2168 2791 2285 2840 nee
2336 2774 2581 2857 ingredi
2641 2774 2722 2839 ad
2782 2793 2882 2840 me
2925 2775 3175 2841 uoluisti
3199 2776 3325 2855 ⁴³)?
3388 2775 3561 2842 Tunc
3604 2776 3713 2841 illa
3766 2775 3829 2841 in
3873 2793 4193 2840 murmure
4237 2773 4611 2857 respondens
4644 2774 4748 2839 ait.

1158 2901 1228 2968 Si
1271 2901 1427 2967 deus
1458 2897 1756 2967 conclusit
1797 2902 2048 2962 uterum
2091 2899 2270 2961 tuum
2312 2900 2379 2960 et
2420 2895 2630 2959 uirum
2674 2898 2853 2959 tuum
2897 2913 2937 2960 a
2979 2901 3043 2961 te
3089 2894 3380 2961 abstulit!
3432 2914 3548 2977 ego
3607 2896 3757 2978 quid
3815 2896 3928 2961 tibi
3971 2895 4216 2962 factura
4270 2895 4445 2961 sum?
4511 2894 4596 2959 Et
4636 2894 4751 2958 hec

1160 3020 1427 3088 audiens
1460 3038 1625 3085 anna
1669 3014 1942 3097 amplius
1967 3015 1980 3098 Ι
2016 3013 2226 3080 fiebat.

1386 3145 1462 3225 ln
1505 3156 1635 3238 ipso
1680 3161 1891 3221 autem
1949 3160 2228 3235 tempore
2283 3154 2534 3236 aparuit
2586 3153 2845 3235 quidam
2902 3151 3149 3218 iuuenis
3191 3153 3357 3220 inter
3408 3161 3654 3220 montes
3709 3154 3818 3222 ubi
3871 3153 4137 3220 ioachim
4192 3153 4480 3235 pascebat
4523 3150 4753 3234 greges.

1163 3290 1229 3350 et
1273 3283 1431 3349 dixit
1474 3283 1547 3348 ei
1636 3279 1844 3359 Quare
1897 3299 2020 3345 non
2066 3281 2409 3345 reuerteris
2453 3282 2532 3347 ad
2589 3299 2847 3346 uxorem
2906 3281 3121 3345 tuam?
3206 3280 3292 3346 Et
3344 3282 3434 3346 ait
3489 3281 3775 3348 ioachim.
3865 3281 3987 3346 Per
4039 3280 4267 3363 uiginti
4323 3280 4521 3346 annos
4561 3280 4748 3345 habui

1160 3423 1325 3471 eam.
1373 3420 1537 3469 nunc
1580 3420 1732 3467 uero
1776 3402 1928 3484 quia
1972 3402 2128 3466 deus
2174 3401 2326 3465 mihi
2371 3401 2574 3467 noluit
2616 3402 2769 3467 dare
2814 3419 2890 3465 ex
2934 3419 3008 3466 ea
3051 3398 3222 3467 filios.
3266 3419 3408 3467 cum
3452 3401 3830 3467 uerecundia
3855 3401 3938 3470 ⁴⁶)
3985 3400 4063 3465 de
4105 3400 4339 3481 templo
4386 3400 4487 3465 dei
4532 3419 4752 3481 expro-

1158 3524 1380 3590 bratus
1415 3522 1620 3588 exiui!
1661 3527 1735 3586 ut
1776 3522 1928 3604 quid
1972 3526 2258 3587 reuertar
2302 3521 2384 3587 ad
2426 3539 2567 3586 eam
2610 3521 2796 3586 semel
2839 3520 3112 3586 eiectus?
3170 3521 3304 3585 Iam
3348 3522 3515 3586 enim
3558 3521 3659 3587 hic
3700 3521 4080 3603 permanebo
4125 3539 4262 3586 cum
4310 3520 4536 3586 ouibus
4567 3519 4754 3585 meis!

1160 3644 1461 3728 quamdiu
1500 3641 1849 3725 permiserit
1903 3660 2004 3707 me
2049 3642 2264 3707 uiuere
2310 3643 2486 3708 deus,
2573 3642 2696 3707 Per
2752 3640 2977 3705 manus
3021 3645 3229 3705 autem
3281 3658 3619 3722 puerorum
3677 3659 3958 3706 meorum
4010 3640 4392 3723 pauperibus
4437 3646 4502 3704 et
4557 3639 4765 3706 uiduis

1170 3772 1233 3831 et
1277 3762 1573 3846 orphanis
1621 3767 1687 3828 et
1739 3761 2088 3827 colentibus
2134 3762 2318 3825 deum
2377 3761 2593 3843 partes
2638 3761 2778 3827 suas
2808 3759 3147 3825 restituam.
3236 3760 3321 3826 Et
3382 3779 3522 3827 cum
3567 3760 3682 3826 hec
3735 3761 3984 3828 diceret.
4039 3759 4356 3841 respondit
4409 3760 4466 3825 ei
4520 3759 4765 3824 iuuenis

1169 3885 1384 3951 dicens.
1452 3882 1730 3966 Angelus
1776 3884 1878 3948 dei
1923 3901 2036 3965 ego
2082 3881 2232 3947 sum.
2275 3883 2383 3962 qui
2428 3883 2650 3964 aparui
2693 3882 2879 3947 hodie
2917 3880 2927 3966 Ι
2965 3881 3140 3947 flenti
3185 3887 3250 3947 et
3292 3882 3498 3946 oranti
3542 3882 3721 3948 uxori
3764 3887 3890 3963 tue.
3940 3890 4004 3947 et
4036 3878 4383 3946 consolatus
4414 3879 4541 3944 sum
4577 3880 4754 3944 eam!

1362 4061 1467 4068 Μ

1366 4175 1458 4235 3⁸2)
1494 4184 1550 4228 ut
1583 4185 1729 4229 extra
1762 4193 1961 4228 versum
1995 4177 2051 4226 in
2085 4176 2314 4243 margine
2350 4194 2384 4227 a
2417 4176 2630 4227 librario
2664 4177 2907 4227 additum.
3078 4175 3171 4236 33)
3205 4178 3314 4228 Nec
3352 4178 3586 4228 nuntium
3624 4176 3658 4226 i.
3693 4192 3734 4227 e.
3770 4193 3834 4226 ne
3868 4177 4103 4226 nunt-ium
4137 4175 4353 4242 quidem.
4502 4174 4595 4243 34)
4646 4174 4750 4226 Vox

1161 4265 1369 4315 domine
1403 4264 1458 4313 in
1492 4265 1721 4330 ntaryine
1757 4282 1791 4314 α
1825 4263 2036 4314 librario
2072 4263 2319 4328 adjectum
2354 4271 2438 4314 est.
2714 4260 2808 4329 35)
2864 4264 2930 4314 In
2964 4263 3113 4315 verbo
3147 4264 3408 4315 fluxerunt
3443 4263 3591 4314 litera
3625 4280 3656 4313 x
3691 4263 3893 4313 librarii
3924 4279 4082 4312 manu
4116 4263 4471 4329 superscripta.

1160 4350 1251 4410 36)
1287 4353 1343 4401 in
1380 4350 1648 4401 viridiario
1685 4352 1869 4401 domus
1907 4347 2015 4402 suae
2050 4350 2106 4400 in
2142 4350 2301 4399 alm-em
2327 4350 2674 4416 Haueyarte‘n.
2709 4350 3035 4401 viridiarium
3071 4351 3150 4400 vel
3182 4350 3489 4401 viridarium
3524 4356 3596 4400 est
3628 4349 3799 4399 honus
3833 4349 4076 4398 viridi-bus
4110 4350 4375 4399 arboribus
4408 4359 4452 4400 et
4475 4351 4752 4418 jndicibus

1162 4452 1400 4486 amoenua
1646 4435 1738 4489 37»
1775 4435 2051 4502 inoratilne
2086 4435 2254 4486 codem.
2291 4436 2438 4485 litera
2473 4453 2503 4486 0
2538 4436 2843 4503 neqliyentia
2876 4436 3080 4487 librarii
3112 4437 3309 4486 omissa.
3530 4433 3620 4494 38)
3669 4436 3813 4487 Inter
3849 4454 3879 4487 0
3916 4445 3961 4486 ct
3995 4453 4028 4487 u
4065 4437 4203 4486 verbi
4234 4432 4430 4487 uouiss'e
4462 4437 4610 4487 litera
4643 4454 4750 4487 una

1161 4538 1325 4570 erasa.
1365 4521 1634 4587 scripserat
1670 4524 1776 4574 aine
1812 4524 1963 4574 dubio
1999 4522 2242 4573 librarius
2277 4517 2509 4573 uoluiss'e.
2752 4519 2844 4581 39)
2883 4522 3062 4573 Litera
3096 4531 3117 4573 t
3150 4524 3278 4572 vocis
3311 4531 3404 4575 aut
3437 4523 3794 4590 superscripta.
4034 4522 4124 4586 40)
4175 4524 4318 4574 illum
4358 4523 4589 4573 ominum
4622 4532 4749 4583 erat,

1160 4607 1213 4656 in
1250 4607 1480 4672 mar-qim
1514 4626 1549 4657 a
1584 4608 1795 4659 librario
1830 4609 2077 4674 adjectum
2111 4617 2197 4658 est.
2337 4604 2426 4665 41)
2468 4607 2637 4673 Super
2666 4609 2872 4659 verbum
2906 4610 3101 4661 diceret
3134 4610 3242 4660 alia
3276 4626 3434 4660 manu
3467 4610 3706 4675 scriptum
3740 4618 3810 4659 eet
3844 4615 3866 4662 1
3902 4606 4118 4661 dixiss'et.
4276 4606 4366 4674 42)
4418 4609 4553 4659 Vocis
4589 4609 4752 4660 admi-

1162 4696 1419 4743 rationem
1453 4694 1679 4744 maaeima
1709 4713 1839 4761 pare
1873 4713 2029 4746 manu
2064 4694 2217 4746 seculi
2249 4693 2426 4744 decimi
2457 4694 2621 4760 quinti
2653 4713 2778 4746 ‘novo
2813 4704 3092 4747 atramento
3126 4697 3337 4747 obducta
3370 4704 3440 4745 est
3472 4704 3518 4746 et
3551 4713 3707 4761 super
3741 4697 3915 4747 literas
3949 4699 3964 4748 ἰ
3992 4706 4185 4763 puncta
4212 4696 4381 4761 posita
4414 4704 4544 4746 mut.

1161 4778 1251 4841 43)
1287 4781 1448 4830 talem
1483 4782 1732 4832 virtutem
1770 4784 1802 4832 ι’.
1840 4799 1880 4831 e.
1917 4783 2019 4831 tale
2051 4781 2368 4832 miraculum.
2402 4782 2588 4848 reliqui
2620 4782 2808 4834 codices
2847 4784 3005 4835 talem
3039 4785 3311 4834 visionem.
3387 4783 3614 4833 Ceterum
3649 4781 3941 4849 significatio
3975 4783 4235 4845 miraculi,
4290 4800 4443 4849 quam
4483 4782 4627 4832 habet
4661 4782 4751 4832 hoc

1162 4866 1363 4932 quidem
1396 4868 1499 4917 loeo
1531 4885 1628 4918 vox
1662 4869 1855 4929 virtus,
1885 4868 2083 4934 passim
2120 4869 2171 4918 in
2206 4868 2413 4934 vul-qaia
2447 4867 2712 4919 bibliorum
2746 4870 2969 4921 versione
3003 4878 3048 4920 et
3082 4869 3224 4936 apud
3256 4868 3624 4934 Hieronymum
3659 4869 3900 4930 occurrit,
3951 4870 4087 4919 unde
4119 4870 4240 4920 trita
4261 4873 4410 4937 sacia
4445 4877 4515 4918 eat
4549 4868 4754 4934 scripto-

1161 4952 1302 5001 ribus
1331 4953 1665 5017 poete-riorum
1698 4962 1990 5020 temporum.
2046 4964 2157 5005 orta
2190 4954 2389 5004 &detur
2433 4974 2467 5006 a
2499 4956 2736 5006 vertendo
2765 4973 2946 5023 yraeco
2980 4957 3126 5006 verbo
3161 4951 3414 5023 δύναμις,
3466 4954 3548 5004 cui
3589 4955 3682 5005 illa
3727 4956 3799 5006 vis
3832 4957 3959 5006 ineat
3993 4958 4050 5007 in
4087 4958 4282 5022 seriptis
4315 4957 4430 5007 novi
4454 4955 4749 5015 testamenti,

1160 5046 1215 5086 nt
1252 5039 1394 5103 apud
1430 5040 1666 5092 Marcum
1699 5035 1752 5103 6,
1789 5041 1821 5091 5
1857 5038 1954 5094 οὐκ
1994 5036 2218 5103 ἠδύνατο
2257 5042 2365 5092 ἐκεῖ
2399 5037 2662 5110 οὐδεμίαν
2698 5039 2936 5113 δύναμιν
2973 5041 3214 5108 ποιῆσαι,
3267 5042 3402 5107 quod
3444 5048 3514 5092 ent
3552 5041 3610 5092 in
3642 5043 3775 5108 vuly.
3813 5060 3940 5094 vers.
3984 5060 4090 5095 non
4137 5049 4336 5111 poterat
4381 5043 4456 5093 ibi
4504 5045 4749 5093 virtutem

1161 5125 1321 5174 ullam
1359 5125 1552 5177 facere.
1760 5129 1849 5191 4⁴)
1886 5131 2036 5194 quasi
2072 5135 2273 5180 mortua
2308 5128 2624 5194 hyperbolice
2665 5130 2848 5181 dictum
2886 5147 2987 5196 pro
3010 5130 3140 5196 fixa,
3176 5128 3450 5178 immobilis.
3539 5129 3840 5180 Wernkerus
3878 5138 4025 5195 poeta
4059 5130 4314 5180 duriore-m
4349 5129 4482 5179 hunc
4515 5129 4754 5195 loqzoendi

1161 5210 1361 5261 modum
1396 5211 1622 5262 molliens
1657 5213 1823 5264 reddit
1857 5215 2017 5265 locum
2057 5216 2171 5279 155,
2206 5216 2272 5269 21
2309 5233 2382 5283 aq.
2435 5216 2497 5282 ja
2541 5233 2650 5268 was
2695 5221 2740 5268 ir
2787 5234 2853 5268 an
2901 5217 2993 5267 der
3027 5214 3204 5267 selben
3250 5215 3321 5266 nit
3363 5215 3445 5266 als
3481 5216 3649 5266 einem
3686 5231 3806 5267 man
3845 5217 3936 5268 der
3972 5218 4100 5282 gelit
4134 5218 4372 5283 begrifen
4406 5218 4502 5268 mit
4533 5214 4747 5267 swtrem

1162 5297 1364 5347 trou'me
1402 5293 1611 5348 slafend
1646 5299 1812 5350 under
1847 5302 2013 5352 einem
2051 5301 2257 5352 boume.
2414 5301 2505 5369 45)
2546 5303 2701 5354 Prior
2736 5306 2752 5354 i
2789 5304 2941 5369 hujus
2975 5302 3102 5353 vocis
3134 5305 3303 5367 forma
3338 5302 3534 5352 minuta
3568 5303 3911 5367 superscripta
3945 5311 4030 5354 est.
4194 5303 4284 5362 ‹16›
4338 5303 4459 5355 Vide
4494 5304 4661 5354 adnot.
4695 5299 4745 5353 6.
