5242 6280
998 1462 1108 1518 15r.

2882 774 2994 844 20

1140 984 1373 1052 bantur
1400 982 1510 1067 ¹¹⁵)
1575 981 1701 1049 seni
1773 983 2063 1051 dicentes.
2150 983 2390 1050 Beatus
2442 981 2651 1049 factus
2707 984 2777 1048 es
2832 983 2896 1048 in
2942 982 3254 1048 senectute
3307 986 3382 1047 ιιι
3430 981 3584 1048 deus
3641 985 3706 1047 te
3772 980 4120 1075 ostenderet.
4177 984 4258 1050 ad
4311 984 4732 1067 accipiendam

1144 1105 1410 1169 mariam
1454 1104 1711 1187 dignum
1757 1103 1894 1171 effe.
1984 1104 2141 1171 Cum
2185 1109 2394 1170 autem
2440 1102 2790 1169 sacerdotes
2835 1102 2895 1167 ei
2939 1101 3238 1168 dicerent.
3294 1102 3505 1185 accipe
3563 1120 3702 1167 eam
3758 1102 3911 1184 quia
3966 1120 4042 1167 ex
4084 1105 4249 1168 omni
4290 1105 4462 1171 tribu
4507 1111 4620 1171 tua
4661 1110 4733 1170 tu

1142 1223 1305 1289 solus
1338 1225 1570 1290 electvs
1615 1224 1686 1290 es
1719 1244 1758 1291 a
1802 1226 1937 1291 deo.
1984 1226 2149 1307 cepit
2192 1224 2302 1290 eos
2332 1223 2596 1289 adorare
2651 1228 2717 1289 et
2769 1239 2990 1304 rogare
3042 1227 3231 1303 atque
3279 1239 3424 1288 cum
3479 1221 3860 1288 uerecundia
3891 1223 3990 1301 ¹¹⁸)
4047 1222 4271 1290 dicere.
4359 1223 4562 1291 Senex
4604 1225 4735 1290 sum

1146 1349 1211 1410 et
1254 1342 1419 1410 filios
1449 1343 1670 1411 habeo.
1727 1350 1801 1411 nt
1855 1345 2006 1427 quid
2061 1345 2217 1410 mihi
2273 1343 2644 1409 infantulam
2687 1342 2850 1408 hanc
2893 1346 3065 1423 etate
3108 1346 3362 1424 neptem
3403 1360 3608 1408 meam
3651 1342 3829 1410 datis.
3878 1348 3943 1408 et
3987 1361 4111 1425 que
4154 1342 4352 1408 minor
4395 1344 4481 1411 est
4524 1346 4650 1410 iam
4695 1364 4734 1410 a

1144 1465 1478 1547 nepotibus
1511 1465 1708 1531 meis?
1739 1466 1845 1547 ¹¹⁷)
1902 1465 2075 1532 Tunc
2117 1464 2406 1531 abiathar
2448 1465 2556 1530 ait.
2644 1463 2887 1528 Memor
2929 1462 3054 1527 esto
3098 1461 3306 1543 ioseph
3352 1480 3537 1544 quem
3583 1462 3665 1527 ad
3703 1462 3959 1529 modum
4005 1462 4243 1528 dathan
4288 1467 4351 1528 et
4393 1462 4407 1547 1
4444 1465 4627 1547 chore
4671 1470 4738 1531 et

1142 1800 1373 1844 servatae
1408 1793 1622 1861 sinyulis
1651 1792 1956 1857 traduntur,
2009 1808 2072 1845 ecc
2106 1793 2258 1844 nulla
2292 1792 2548 1861 egreditur
2580 1793 2825 1845 columba.
2859 1793 3113 1845 iterantur
3146 1800 3193 1844 et
3227 1790 3526 1858 sacrificium
3570 1799 3617 1843 et
3643 1809 3842 1859 preces,
3893 1801 4111 1861 apparet
4136 1791 4366 1859 pontifici
4399 1794 4608 1860 anqelus
4640 1810 4736 1845 me·

1145 1896 1353 1931 morans
1385 1880 1448 1930 de
1480 1897 1591 1930 una
1621 1880 1768 1947 virya
1800 1880 2039 1947 neglecta.
2076 1896 2207 1948 quae
2232 1882 2522 1947 profertur,
2557 1881 2784 1932 traditur
2818 1880 2891 1931 ad
2920 1896 3068 1947 quem
3092 1878 3313 1945 pertinet
3336 1879 3569 1945 Josephc,
3601 1887 3648 1930 et
3681 1879 3847 1931 statim
3880 1897 4012 1949 quae
4037 1879 4310 1945 praedicta
4343 1887 4463 1931 sunt
4484 1880 4739 1934 eveniunt:

1146 1967 1375 2017 columba
1408 1983 1435 2017 e
1466 1967 1614 2033 vir-qa
1648 1984 1847 2034 cyressa
1880 1967 2052 2033 templi
2070 1966 2345 2034 fastiqium
2379 1957 2717 2029 circunivolat,
2751 1966 2809 2018 in
2844 1966 3053 2018 aethera
3086 1966 3205 2018 abit.
3240 1966 3344 2017 alio
3378 1965 3599 2032 quodam
3629 1966 3774 2017 modo
3806 1983 3889 2019 res
3920 1974 4175 2029 narratur
4207 1968 4266 2017 in
4300 1967 4429 2019 libro
4464 1968 4529 2018 de
4559 1967 4738 2019 nativi-

1144 2061 1247 2104 tate
1285 2052 1491 2104 Mariae
1524 2068 1565 2104 c.
1588 2050 1618 2103 7
1637 2060 1683 2103 et
1702 2051 1736 2106 8
1772 2051 1958 2117 (Thilo
1981 2071 2040 2120 p.
2061 2050 2163 2105 329
2181 2068 2289 2119 sqq.
2336 2052 2562 2121 Tischds.
2589 2050 2767 2119 p.lll
2790 2052 2908 2120 sq).
2942 2053 3254 2120 conpr-epatis
3278 2053 3465 2120 populi
3488 2052 3799 2119 primoribus
3833 2070 3867 2103 a
3890 2052 4127 2119 pontifice
4160 2053 4286 2105 deus
4319 2054 4617 2117 consulitur,
4651 2055 4741 2121 qui

1144 2138 1332 2189 cunctis
1366 2138 1687 2189 audientibus
1721 2154 1883 2188 vocem
1917 2138 2034 2201 edit,
2069 2139 2341 2190 secundum
2375 2139 2569 2190 Esaiae
2602 2139 2894 2190 vaticinium
2927 2137 3245 2208 (egredieter
3277 2141 3435 2206 virga
3470 2139 3539 2191 de
3572 2139 3750 2191 radice
3779 2140 3818 2192 J
3820 2135 3919 2192 ess'e
3955 2144 4065 2196 etc.)
4106 2140 4472 2206 requirendum
4513 2157 4618 2192 esse
4658 2141 4743 2192 cui

1144 2225 1284 2291 virqo
1317 2224 1615 2290 desponsari
1646 2224 1836 2275 debeat.
1885 2241 2002 2292 erqo
2035 2242 2202 2277 omnes
2242 2225 2306 2276 de
2339 2225 2482 2278 donno
2525 2233 2571 2276 et
2591 2225 2808 2292 familia
2841 2226 3015 2278 David
3048 2228 3234 2293 nuptui
3266 2226 3473 2278 habiles
3509 2241 3617 2278 non
3652 2224 3919 2292 conjugati
3954 2226 4124 2293 virgas
4158 2229 4344 2293 afferre
4366 2227 4641 2293 jubentur,
4693 2237 4740 2279 et

1145 2312 1487 2379 cujuscumque
1518 2311 1667 2379 virya
1692 2311 1869 2376 florem
1894 2312 2257 2378 =qerminaverit
2304 2319 2349 2363 et
2382 2311 2439 2362 in
2471 2312 2581 2377 ejus
2614 2312 2872 2363 cacumine
2905 2313 3115 2378 spiritus
3148 2313 3339 2364 domini
3380 2313 3436 2364 in
3479 2312 3640 2380 specie
3673 2310 3928 2362 columbae
3970 2312 4265 2375 consederit,
4316 2314 4484 2380 ipsum
4518 2330 4623 2366 esse
4656 2316 4742 2365 cui

1145 2399 1286 2465 virgo
1319 2397 1659 2464 desponsetur.
1694 2397 1876 2449 deinde
1909 2398 2096 2449 cunctis
2128 2398 2299 2466 viryas
2332 2415 2454 2450 suas
2486 2397 2852 2467 deserentibus,
2895 2396 3144 2464 Iosephus
3178 2399 3313 2451 solus
3345 2399 3671 2467 qrandaevus
3703 2414 3851 2449 suam
3885 2397 4151 2450 subtrahit.
4195 2399 4301 2450 voci
4331 2400 4534 2452 divinae
4567 2418 4736 2453 conso-

1144 2500 1269 2534 num
1301 2483 1434 2534 nihil
1468 2491 1702 2550 apparet,
1737 2484 1862 2534 deus
1894 2484 2078 2535 iterum
2110 2485 2403 2549 consulitur,
2437 2501 2676 2551 responso
2709 2483 2957 2550 Josephus
2988 2485 3252 2554 detegitur,
3286 2493 3344 2536 ut
3378 2488 3563 2553 afferat
3596 2502 3742 2537 suam
3775 2485 3972 2551 virgam
4006 2486 4210 2551 coqitur,
4244 2493 4290 2537 et
4322 2487 4484 2538 statim
4517 2487 4575 2538 in
4589 2505 4737 2539 cacu-

1145 2570 1278 2620 mine
1312 2569 1421 2635 ejus
1455 2569 1683 2621 columba
1715 2570 1780 2622 de
1814 2571 1946 2622 coelo
1978 2571 2182 2622 veniens
2216 2571 2441 2622 considit.
2486 2579 2704 2623 ceterum
2735 2587 2936 2633 moneo,
2979 2572 3070 2623 hoc
3102 2572 3303 2640 quidem
3337 2572 3441 2625 loco
3467 2589 3644 2639 pauca
3677 2571 3860 2622 omissa
3894 2587 4000 2622 esse
4031 2571 4089 2622 in
4119 2578 4258 2623 teaetu
4290 2588 4435 2639 quem
4468 2590 4532 2624 ex
4567 2574 4736 2625 editio·

1144 2656 1295 2707 nibus
1328 2656 1630 2722 Hieronymi
1670 2656 1921 2724 integrum
1963 2656 2421 2723 tramscripsermu
2460 2666 2507 2709 et
2564 2658 2713 2710 Thilo
2752 2666 2799 2710 et
2852 2659 3252 2724 Rseheudorfius
3292 2659 3514 2711 codicum
3557 2659 3754 2710 ratione
3801 2674 4018 2723 prorsus
4068 2675 4172 2708 non
4221 2658 4408 2711 habita.
4461 2660 4559 2710 dici
4598 2661 4728 2711 enim

1144 2742 1314 2793 debuit
1348 2742 1514 2793 denuo
1548 2742 1699 2794 etiam
1742 2743 1833 2794 hoc
1880 2743 1984 2794 loco
2028 2743 2091 2794 de
2119 2743 2485 2811 germinatione
2517 2744 2718 2811 virgae,
2771 2745 2905 2812 quod
2944 2745 3307 2798 desideramus.
3357 2752 3487 2795 recte
3529 2761 3623 2796 nos
3664 2743 3866 2812 quidem
3909 2743 4119 2795 sensisse
4157 2744 4293 2794 testis
4335 2752 4406 2795 est
4454 2745 4737 2796 Vincentius

1146 2828 1541 2891 Bellovacensie,
1593 2830 1683 2895 qui
1732 2846 1831 2897 quo
1873 2829 2017 2881 modo
2064 2829 2330 2895 expleatur
2373 2837 2538 2880 textus
2578 2830 2716 2882 docet
2757 2847 2813 2883 eo
2855 2832 2990 2899 quod
3030 2832 3179 2884 habet
3213 2831 3299 2883 lib.
3326 2826 3361 2883 6
3394 2847 3508 2896 cap.
3541 2829 3608 2883 72
3658 2846 3777 2883 cnm
3821 2831 4029 2896 virgam
4072 2826 4321 2882 attulisset
4368 2837 4422 2883 et
4462 2829 4575 2900 ipsa
4615 2832 4734 2884 ilico

1144 2918 1325 2968 florem
1360 2911 1699 2983 germinasset
1742 2922 1898 2983 atque
1934 2917 1990 2967 in
2027 2917 2139 2966 eius
2175 2916 2451 2966 cacumine
2484 2916 2729 2968 columba
2774 2918 2841 2970 de
2878 2919 2993 2970 celo
3030 2921 3244 2970 veniens
3291 2911 3596 2969 consedffl'et
3629 2923 3717 2967 etc.
3774 2913 4056 2982 Scriptores
4090 2917 4394 2984 posteriores
4425 2918 4619 2983 partim
4663 2934 4735 2969 se-

1147 3010 1377 3069 quuntur
1410 3009 1638 3053 nostrum
1672 3002 1735 3054 de
1768 3002 1997 3071 infantia
2033 3001 2239 3054 Mariae
2274 3008 2320 3051 et
2354 3001 2621 3053 salvatoris
2654 3003 2856 3065 librwm,
2887 3005 3080 3070 partim
3113 3005 3299 3056 librum
3331 3004 3394 3055 de
3426 3003 3687 3055 nativitate
3723 3002 3948 3064 Mariae,
3973 3003 4171 3069 partim
4205 3019 4269 3054 ex
4294 3003 4519 3055 ambolus
4551 3020 4738 3055 narra-

1146 3089 1330 3139 tionem
1361 3095 1676 3155 componwnt.
1709 3088 1952 3157 differunt
1985 3088 2203 3139 maxime
2236 3087 2289 3138 in
2326 3087 2467 3155 signo
2500 3078 2599 3155 qu'o
2620 3087 2870 3155 Josephus
2889 3090 3098 3143 Martae
3130 3108 3344 3159 sponsus
3365 3090 3740 3156 manifestatur.
3773 3088 4050 3140 columbam
4084 3090 4244 3140 solam
4277 3107 4303 3143 e
4324 3091 4470 3159 virga
4492 3108 4740 3161 eqressam

1148 3176 1335 3227 habent
1356 3176 1670 3227 Hrodsvitha
1705 3174 1808 3241 (ed.
1825 3177 1992 3242 princ.
2012 3175 2127 3227 dSr.
2166 3195 2201 3228 a
2222 3175 2352 3227 med.
2386 3169 2634 3241 process'it
2666 3176 2895 3241 pauidus
2917 3179 3121 3245 virgam
3147 3177 3521 3244 comprendere
3538 3170 3724 3243 juffus,
3758 3192 3822 3228 ex
3847 3193 3950 3243 qua
3972 3180 4217 3228 continuo
4242 3172 4516 3243 splendens
4541 3174 4737 3246 egress'a

1152 3262 1395 3313 columba
1429 3262 1570 3313 hand
1605 3262 1753 3314 tarde
1788 3263 1975 3314 coelum
2010 3264 2179 3315 fertur
2208 3257 2419 3328 peciiss'e
2453 3261 2730 3324 secretum)
2767 3268 2813 3312 et
2845 3262 3150 3315 Wernherus
3194 3261 3341 3328 (171,
3368 3262 3398 3316 l
3432 3280 3539 3330 sqq.
3586 3278 3644 3313 er
3684 3262 3890 3314 zwivelt
3932 3278 4043 3314 ππ
4088 3279 4144 3314 er
4188 3268 4309 3315 toete
4353 3269 4447 3315 unt
4493 3281 4599 3317 wes
4641 3271 4735 3333 got

1146 3349 1327 3401 willen
1365 3347 1524 3412 haete,
1560 3348 1667 3399 doh
1701 3348 1953 3415 enpfleng
1989 3364 2047 3399 er
2084 3349 2181 3399 daz
2216 3348 2306 3399 ris.
2343 3344 2431 3398 sin
2467 3347 2586 3398 burt
2623 3363 2730 3398 was
2766 3350 2837 3400 im
2871 3349 3030 3400 lauch
3064 3351 3209 3402 unde
3243 3351 3371 3418 gris.
3405 3350 3612 3402 weinen
3644 3349 3888 3415 begunde
3921 3365 3978 3400 er
4011 3349 4146 3402 durh
4178 3351 4290 3401 not.
4325 3357 4423 3403 unt
4456 3352 4533 3402 sis
4570 3367 4626 3403 er
4652 3353 4737 3402 die

1151 3440 1307 3500 gerte
1341 3434 1404 3484 fif
1433 3435 1525 3485 bet
1556 3449 1653 3485 vor
1686 3434 1858 3485 wiben
1893 3439 1990 3486 unt
2021 3451 2117 3486 vor
2150 3450 2394 3497 mannen,
2430 3435 2517 3485 ein
2551 3434 2674 3484 tube
2711 3431 2917 3486 swsnch
2953 3436 3019 3486 do
3056 3436 3281 3497 damen,
3319 3438 3402 3487 ein
3434 3434 3592 3501 vogel
3634 3428 3689 3485 sb
3727 3435 3985 3502 wolgetAn
4038 3435 4135 3487 daz
4177 3433 4263 3488 sin
4306 3444 4400 3504 got
4440 3435 4607 3489 muost
4649 3438 4738 3489 ere

1147 3519 1274 3568 han:
1313 3519 1407 3570 der
1442 3514 1668 3570 sweimet
1700 3521 1788 3571 ein
1822 3520 1942 3571 wile
1977 3519 2045 3570 da
2076 3520 2214 3572 unde
2248 3520 2390 3572 huob
2428 3516 2516 3571 sih
2551 3520 2724 3570 dauah
2760 3515 2818 3570 [Δ
2850 3537 3019 3589 gegen
3056 3522 3216 3576 himel
3248 3522 3341 3572 hin
3375 3521 3564 3583 wider,
3612 3519 3786 3572 danne
3820 3538 3876 3572 er
3912 3523 4130 3573 chomen
4163 3538 4274 3576 was
4311 3525 4406 3576 her
4441 3525 4629 3587 nider).
4668 3524 4733 3575 de

1165 3603 1431 3654 Wernheri
1465 3604 1688 3656 carmine
1720 3622 1840 3657 vero
1872 3622 2063 3668 moneo,
2096 3607 2231 3673 quod
2261 3607 2307 3657 is
2340 3606 2431 3674 qui
2462 3607 2629 3658 denuo
2664 3606 2721 3656 id
2751 3608 3016 3669 recensuit,
3052 3625 3184 3675 quae
3217 3608 3437 3659 recensio
3468 3608 3526 3658 in
3559 3607 3665 3658 cod.
3715 3606 3921 3657 Vindob.
3958 3615 4142 3671 exstat,
4182 3609 4342 3675 primi
4374 3609 4593 3660 auctoris
4627 3625 4738 3659 sen·

1148 3690 1355 3741 tentiam
1389 3691 1478 3742 hoc
1513 3692 1714 3759 quidem
1746 3693 1851 3744 loco
1884 3694 2117 3755 mutavit,
2161 3711 2294 3745 nova
2328 3692 2581 3760 quaedam
2628 3708 2692 3742 ea:
2727 3692 2829 3744 alio
2861 3695 3012 3761 fonte
3045 3702 3247 3761 sumpta
3280 3694 3538 3759 adjwiens.
3580 3711 3702 3744 nam
3743 3709 3899 3760 quum
3932 3694 4135 3760 Ρνίηιιιε
4179 3703 4354 3747 auctor
4394 3694 4670 3746 columbam
4712 3711 4738 3745 e

1149 3778 1297 3843 vir-qa
1331 3793 1581 3844 eqressam
1614 3779 1773 3830 solam
1805 3779 2076 3842 habuisset,
2109 3780 2173 3832 de
2205 3779 2378 3846 virgae
2409 3779 2773 3846 qerminatione
2806 3780 3057 3843 tacuisset,
3091 3780 3177 3832 ille
3212 3780 3362 3832 etiam
3396 3780 3527 3831 hanc
3559 3797 3667 3831 rem
3699 3781 3899 3831 minime
3932 3781 4133 3846 quidem
4166 3789 4282 3848 apte
4313 3779 4512 3845 adiecit,
4542 3778 4739 3845 priores

1146 3872 1251 3914 tres
1286 3880 1409 3931 quos
1442 3864 1701 3915 citavimus
1733 3882 1909 3917 versus
1940 3867 2015 3918 ita
2039 3873 2340 3934 permutans
2384 3866 2450 3917 do
2496 3865 2739 3931 enpfienk
2782 3882 2840 3917 er
2874 3868 3139 3919 ziterende
3191 3884 3300 3920 von
3350 3868 3444 3920 des
3479 3868 3668 3918 herren
3701 3867 3874 3919 hende
3909 3867 4008 3919 daz
4044 3852 4246 3935 griiene
4280 3867 4507 3933 plfiende
4541 3866 4639 3917 rie:
4690 3882 4737 3916 v.

1150 3950 1267 4001 edit.
1308 3950 1573 4018 Feifalilcii
1611 3947 1743 4003 1669
1761 3968 1867 4017 sqq.
1905 3969 2010 4019 qua
2042 3968 2151 4003 una
2184 3969 2243 4003 re
2265 3953 2381 4019 jam
2405 3952 2675 4018 probatur,
2707 3952 2764 4003 id
2797 3953 2932 4020 quod
2963 3960 3159 4004 centum
3191 3954 3309 4004 aliis
3341 3954 3459 4003 locis
3489 3954 3743 4016 firmatur,
3776 3953 3924 4004 valde
3958 3954 4206 4006 erravisse
4225 3953 4555 4021 Feifalihium
4587 3950 4740 4002 veris-

1150 4037 1327 4088 simam
1361 4037 1604 4087 carminis
1624 4039 1857 4105 formam
1891 4039 2053 4089 codice
2086 4039 2176 4090 illo
2224 4039 2591 4090 Vindobonensi
2636 4039 2880 4089 cardineo-i
2912 4040 3298 4092 contendentem·
3370 4040 3538 4092 Porro
3581 4039 3768 4090 librum
3808 4041 3871 4091 de
3909 4041 4173 4092 nativitate
4208 4041 4414 4093 Mariae
4455 4044 4510 4089 in
4553 4038 4737 4089 descri-

1151 4124 1317 4174 benda
1356 4124 1563 4175 Mariae
1595 4123 1807 4189 virginis
1858 4132 1902 4174 et
1936 4124 2145 4191 Jesephi
2176 4125 2558 4191 desponsatione
2603 4140 2757 4192 quam
2802 4126 3173 4177 accuratissime
3207 4126 3374 4191 potuit
3415 4133 3610 4176 secutus
3653 4132 3723 4175 est
3764 4135 3940 4177 auctor
3979 4128 4220 4179 carminis
4261 4127 4401 4178 illius
4443 4123 4736 4191 amplissimi

1148 4210 1284 4277 quod
1322 4210 1622 4261 Passionale
1654 4219 1861 4262 vocatur
1893 4211 2012 4261 inde
2045 4229 2079 4262 a
2112 4228 2264 4263 versu
2282 4209 2362 4274 ll,
2383 4209 2450 4264 48
2485 4211 2562 4262 ed.
2597 4211 2779 4263 Hahn.
2813 4228 2974 4279 usque
3006 4213 3077 4264 ad
3097 4209 3298 4274 1288:
3334 4211 3508 4263 videas
3542 4211 3773 4278 inprimis
3805 4229 3981 4264 versus
4001 4212 4084 4276 12,
4104 4215 4169 4268 75
4186 4233 4292 4283 sqq.
4328 4231 4386 4266 er
4419 4213 4524 4264 hssb
4559 4213 4621 4262 tif
4650 4213 4732 4262 die

1149 4298 1283 4349 rute.
1320 4296 1386 4347 ᾶό
1423 4292 1600 4347 wisete
1639 4304 1731 4364 got
1766 4299 1858 4349 der
1893 4298 2021 4364 gnte
2057 4299 2142 4348 ein
2176 4297 2389 4348 zeichen
2425 4314 2492 4347 an
2530 4296 2621 4349 der
2657 4294 2834 4350 selben
2870 4305 3014 4365 gart,
3057 4299 3213 4350 wand
3248 4295 3277 4349 s
3282 4301 3298 4348 i
3332 4315 3436 4350 von
3473 4298 3665 4350 bladen
3699 4299 3866 4364 grune
3902 4306 4034 4351 wart
4067 4301 4206 4352 unde
4243 4299 4379 4350 euch
4415 4298 4485 4349 da
4522 4299 4574 4350 bi
4608 4315 4728 4348 vur-

1152 4384 1252 4434 baz
1292 4384 1458 4434 obene
1493 4383 1557 4434 af
1584 4384 1629 4432 ir
1663 4384 1754 4433 ein
1789 4383 1913 4435 tabe
1949 4399 2055 4447 aaz,
2093 4385 2175 4434 die
2210 4401 2314 4435 von
2350 4383 2537 4435 himele
2573 4401 2731 4451 quam
2755 4386 3035 4453 gevlogen.
3069 4393 3221 4436 totam
3253 4403 3362 4437 rem
3384 4386 3532 4437 valde
3553 4392 3812 4445 mutatam,
3847 4384 4026 4436 scilicet
4047 4402 4250 4436 carmen
4272 4401 4483 4451 sequens
4506 4384 4736 4444 latinum,

1148 4469 1299 4519 habet
1337 4468 1611 4534 Philippus
1646 4469 1985 4520 Cartusianus
2019 4471 2292 4522 monachus
2337 4470 2455 4522 inde
2489 4490 2523 4522 a
2557 4468 2761 4525 v.1092
2795 4471 2912 4522 edit.
2948 4472 3133 4525 Heinr.
3171 4472 3438 4530 Rt'ickerti5
3491 4471 3579 4522 sed
3621 4470 3755 4538 quod
3795 4471 3866 4521 ad
3907 4471 4106 4538 siqnum
4148 4472 4333 4524 editum
4375 4472 4574 4532 attinet,
4625 4487 4737 4521 amn

1152 4556 1280 4606 libro
1313 4555 1376 4605 de
1410 4554 1670 4605 nativitate
1708 4555 1914 4607 Mariae
1938 4573 2076 4622 pure
2111 4557 2372 4608 consentit:
2404 4558 2470 4624 cs.
2497 4575 2543 4607 v.
2574 4552 2708 4608 1249
2753 4556 2837 4607 die
2871 4565 3022 4624 gertn
3058 4573 3116 4609 er
3149 4573 3255 4609 von
3290 4555 3432 4609 siner
3464 4558 3595 4608 haut
3631 4557 3904 4623 enphienc.
3950 4559 4016 4609 do
4065 4575 4123 4610 er
4171 4560 4254 4610 die
4297 4574 4397 4608 zuo
4441 4558 4554 4608 dem
4601 4558 4735 4608 alter

1154 4649 1321 4704 truoc‚
1358 4642 1424 4692 fir.
1460 4640 1552 4691 der
1587 4638 1761 4692 selben
1796 4648 1981 4709 gerten
2020 4640 2171 4695 sluoc
2206 4645 2447 4694 bluomen
2491 4642 2631 4693 unde
2674 4646 2903 4708 griienez
2953 4645 3093 4710 ioup.
3139 4645 3232 4695 der
3265 4644 3434 4695 heilec
3467 4639 3601 4710 geist
3642 4644 3735 4695 der
3767 4643 3893 4694 kom
3928 4643 3993 4695 do
4030 4646 4169 4696 euch
4202 4645 4294 4697 her
4318 4645 4466 4697 nider
4487 4660 4592 4694 von
4618 4644 4734 4695 dem

1151 4727 1430 4779 himelrich
1464 4729 1519 4778 in
1556 4730 1701 4779 einer
1723 4728 1887 4778 wizen
1923 4729 2082 4781 tstben
2118 4730 2288 4796 glich:
2321 4730 2384 4781 fif
2414 4729 2497 4780 die
2532 4734 2717 4795 gerten
2751 4726 2863 4781 [ιιι
2896 4746 2951 4781 er
2986 4727 3101 4782 fich
3134 4747 3231 4782 vor
3265 4731 3318 4782 al
3354 4731 3457 4781 den
3489 4731 3655 4782 liuten
3690 4726 4068 4783 schinbaerlich.
4104 4731 4321 4797 denique
4354 4729 4640 4781 idemvalet
4672 4730 4737 4780 de

1151 4816 1373 4866 carmine
1407 4814 1635 4865 theotisca
1686 4813 1927 4864 Waltheri
1961 4815 2337 4877 Reinam‘ensis,
2391 4815 2576 4881 quippe
2616 4815 2708 4882 qui
2749 4832 2813 4865 ex
2846 4816 3014 4867 eodem
3035 4819 3184 4884 sonte
3228 4834 3327 4884 quo
3363 4816 3635 4882 Philippus
3668 4816 3917 4877 hauserit,
3969 4817 4168 4883 dynum
4211 4818 4445 4869 exhibens
4485 4817 4557 4865 ita
4593 4816 4735 4880 (edit.

1158 4900 1352 4951 Kelleri
1369 4897 1453 4962 ⁴2,
1475 4898 1538 4952 13
1556 4898 1689 4967 sqq.)
1726 4900 1793 4950 do
1830 4900 1915 4950 dis.
1949 4903 2111 4968 gebat
2143 4899 2339 4966 ,Ioseph
2373 4918 2609 4964 vernam,
2644 4917 2707 4953 ze
2737 4886 3031 4954 Jerusalem
3068 4919 3127 4955 er
3162 4903 3316 4955 balde
3351 4903 3474 4954 kam
3529 4905 3640 4955 und
3677 4905 3840 4970 gieng
3881 4906 3936 4954 in
3984 4904 4084 4954 den
4120 4905 4311 4970 tempel
4356 4904 4446 4954 hin
4481 4903 4737 4969 tragende

1152 4989 1208 5036 in
1244 4987 1336 5038 der
1370 4987 1541 5038 hendo
1572 4982 1657 5037 sin
1692 4987 1781 5036 ein
1819 4985 1971 5038 diii-re
2008 4988 2098 5044 (sic
2133 4988 2397 5054 legendum
2421 5004 2523 5052 pro
2557 4989 2747 5047 tiurre)
2783 4994 2960 5052 ruote,
3007 4989 3104 5040 daz
3139 4986 3205 5041 ist
3237 4991 3368 5052 war,
3421 4990 3605 5041 loubes
3640 4990 3781 5042 unde
3815 4985 4042 5041 bluostes
4081 4991 4175 5043 bar
4209 4989 4304 5050 (sic
4337 4990 4436 5056 leq.
4462 5007 4565 5056 pro
4597 4993 4734 5045 var).

1157 5071 1266 5122 und
1303 5072 1371 5122 do
1408 5088 1465 5123 er
1498 5074 1553 5122 in
1590 5071 1691 5122 den
1724 5072 1915 5138 tempel
1952 5076 2130 5140 gierig,
2167 5071 2275 5125 iasa
2312 5089 2371 5124 ze
2405 5074 2564 5124 loube
2598 5074 2710 5125 und
2744 5071 2947 5127 bluoste
2980 5078 3141 5143 vieng
3182 5076 3271 5127 diu
3307 5076 3384 5126 vil
3419 5075 3574 5128 diirre
3598 5075 3715 5143 (pro
3742 5078 3927 5131 tiurre)
3960 5083 4109 5128 ruote
4143 5076 4287 5127 rehte
4319 5072 4425 5126 sam
4460 5073 4490 5126 s
4495 5080 4511 5125 i
4547 5081 4734 5128 wuote.

1155 5158 1246 5208 der
1280 5159 1442 5209 &wart
1477 5154 1505 5208 s
1511 5160 1560 5209 ie
1594 5172 1714 5207 nam
1746 5160 1802 5208 in
1837 5158 1925 5209 die
1960 5159 2111 5211 hant:
2161 5160 2254 5211 der
2289 5160 2452 5226 heilig
2486 5155 2618 5225 geist
2654 5160 2749 5212 dur
2792 5161 2856 5212 af
2891 5177 2955 5212 ze
2990 5162 3119 5213 hant
3159 5163 3215 5212 in
3250 5163 3373 5214 tfibe
3407 5164 3501 5214 wis
3538 5169 3665 5215 wart
3699 5158 3939 5229 gesehen.
4151 5162 4270 5228 115)
4322 5162 4473 5213 Verbi
4517 5179 4734 5230 congra-

1153 5242 1458 5293 tulabantur
1492 5241 1644 5291 litera
1678 5258 1712 5292 n
1739 5250 1990 5308 posterior
2025 5261 2059 5293 a
2094 5244 2306 5295 librario
2336 5244 2445 5310 ipso
2480 5247 2808 5312 superscipta.
3015 5244 3138 5304 116)
3172 5264 3291 5300 cnm
3326 5249 3646 5301 uerecundia
3678 5266 3724 5299 v.
3760 5249 3929 5300 adnot.
3965 5243 4013 5298 6.
4207 5247 4328 5314 117)
4363 5251 4398 5303 i.
4434 5268 4476 5304 e.
4512 5250 4592 5302 die
4624 5250 4736 5300 dem

1154 5328 1301 5377 Alter
1344 5327 1477 5377 nach
1510 5328 1669 5378 meine
1704 5328 1924 5379 Enkelin
1959 5330 2065 5380 sein
2096 5331 2280 5382 Jcbnnte
2321 5332 2431 5382 und
2473 5332 2553 5383 die
2596 5333 2816 5384 wirklich
2865 5333 2992 5384 noch
3015 5334 3205 5402 jiinqer
3254 5335 3318 5387 ist
3362 5335 3440 5386 als
3483 5336 3643 5386 meine
3677 5336 3855 5388 Enkel.
3906 5336 4059 5386 verba
4093 5335 4274 5402 quibus
4317 5336 4372 5387 in
4405 5344 4575 5388 nostro
4609 5335 4736 5386 libro
