5242 6280
1141 930 1194 976 et
1223 923 1472 991 vulgatae
1507 924 1749 976 editionis
1783 925 1958 975 varias
1992 924 2247 976 lectiones
2282 922 2626 990 subjungeret
2667 937 2769 975 nec
2811 939 2917 975 non
2951 921 3170 976 Postelli
3213 925 3509 975 versionem
3553 923 3771 976 latinam
3817 922 4054 987 adderet,
4087 926 4144 976 in
4187 923 4383 976 codicis
4430 924 4718 990 apocryphi

1138 1025 1261 1060 nov.
1296 1014 1416 1062 test.
1448 1014 1589 1061 tomo
1615 1007 1643 1063 1
1685 1007 1891 1074 (unico)
1924 1009 2071 1076 Lips.
2087 1005 2222 1063 1832
2257 1025 2309 1075 p.
2332 1005 2625 1064 161—273.
2678 1009 2869 1061 deinde
2902 1008 2973 1060 ad
3006 1009 3241 1061 codicem
3266 1009 3443 1072 alium,
3478 1009 3768 1061 Parisiensi
3790 1007 4032 1060 Thilonis
4065 1008 4143 1059 illi
4166 1009 4441 1076 aequalem
4479 1015 4533 1062 et
4555 1025 4724 1075 aeque

1136 1099 1515 1160 praestantem,
1550 1095 1807 1147 Venatum
1822 1128 1837 1157 ,
1872 1094 2056 1147 oculos
2090 1096 2349 1147 convertit
2381 1109 2606 1162 eumque
2642 1096 2921 1162 descripsit
2953 1094 3075 1148 Car.
3108 1094 3211 1147 Ad.
3246 1094 3476 1146 Suelrow
3510 1110 3559 1146 a.
3580 1091 3745 1156 1840,
3791 1109 3965 1161 neque
3999 1110 4126 1146 vero
4162 1096 4220 1147 in
4254 1095 4437 1148 codIce
4470 1097 4722 1147 transcri-

1135 1181 1309 1232 bendo
1345 1195 1523 1230 curam
1567 1183 1621 1231 et
1657 1179 1983 1248 diligentiam
2028 1196 2167 1247 quae
2213 1195 2312 1246 par
2352 1179 2454 1232 fuit
2498 1181 2752 1233 adhibuit.
2809 1181 3031 1247 denique
3073 1179 3297 1232 eundem
3343 1180 3576 1232 codicem
3619 1181 4018 1232 accuratissime
4062 1181 4431 1246 transcriptum
4480 1178 4723 1231 editionis

1140 1282 1269 1318 snae
1305 1268 1455 1332 quasi
1487 1265 1885 1317 fundamentum
1919 1266 2045 1318 fecit
2067 1264 2514 1329 Tischendorfius,
2548 1273 2756 1332 praeter
2792 1281 2886 1319 eos
2919 1269 3009 1334 qui
3036 1267 3149 1333 jam
3180 1269 3527 1319 innotuerunt
3558 1267 3738 1319 multis
3773 1267 3894 1318 aliis
3919 1266 4185 1317 codicibus
4220 1280 4386 1331 usque
4422 1280 4488 1317 eo
4522 1264 4720 1332 ignotis

1143 1367 1244 1404 nee
1277 1367 1385 1403 non
1419 1352 1486 1403 iis
1522 1353 1612 1417 qui
1647 1351 1789 1418 apud
1822 1356 2003 1418 patres
2037 1351 2287 1419 leguntur
2320 1352 2451 1405 locis
2483 1354 2540 1404 in
2574 1354 2854 1406 consilinm
2889 1356 3171 1420 assumptis
3205 1354 3471 1420 variisque
3506 1354 3740 1405 omniurn
3760 1351 4079 1404 lectionibus
4101 1352 4312 1412 notatis,
4346 1353 4402 1401 in
4425 1350 4722 1418 evangeliis

1134 1436 1448 1504 apocryphis
1472 1438 1620 1503 Lips.
1642 1434 1780 1491 1853
1802 1453 1856 1504 p.
1875 1434 2058 1492 1-49.
2113 1436 2357 1489 Ceterum
2390 1437 2513 1491 vide
2537 1455 2674 1505 quae
2696 1438 3100 1505 disputaverunt
3122 1439 3274 1491 Thilo
3297 1439 3354 1490 in
3378 1438 3765 1505 prolegomenis
3789 1437 3875 1499 §.A
3899 1451 3952 1502 p.
3973 1435 4432 1498 XLV-Lxxm,
4466 1435 4720 1487 Tischen·

1137 1523 1332 1575 dorlius
1366 1525 1424 1574 in
1457 1523 1592 1590 prol.
1627 1539 1677 1589 p.
1697 1522 2019 1575 XII—xxv
2054 1529 2109 1575 et
2141 1524 2423 1577 XXXVIII
2454 1525 2632 1577 adnot.
2653 1521 2703 1586 l,
2739 1524 2874 1576 idem
2910 1527 2965 1576 in
2997 1525 3130 1577 libro
3167 1524 3234 1577 de
3269 1525 3665 1590 evangeliorum
3698 1537 3877 1589 apocr.
3914 1525 4121 1589 origine
4156 1529 4211 1575 et
4233 1536 4337 1573 usu
4361 1522 4552 1588 flagae
4577 1520 4724 1572 Com.

1139 1607 1269 1663 1851
1309 1610 1340 1672 ἓ
1362 1605 1397 1663 9
1431 1626 1483 1675 p.
1502 1604 1726 1663 26—35.
1934 1609 2183 1661 Versatur
2218 1608 2320 1661 hoc
2353 1609 2807 1678 protevangelium
2839 1609 3032 1662 Jacobi
3075 1610 3217 1678 quod
3261 1616 3481 1662 vocatur
3524 1610 3579 1660 in
3617 1609 3915 1661 enarranda
3949 1610 4157 1677 origine
4191 1608 4399 1660 Mariae
4417 1644 4431 1671 ,
4483 1606 4728 1659 Joachim

1146 1701 1201 1748 et
1241 1694 1429 1746 Annae
1463 1694 1620 1756 filiae,
1656 1694 1771 1761 ejus
1807 1693 2118 1746 educatione
2150 1695 2207 1746 in
2240 1693 2461 1761 temple,
2510 1695 2770 1761 quomodo
2805 1696 3042 1762 Josepho
3077 1694 3237 1746 viduo
3272 1692 3614 1746 custodienda
3645 1694 3843 1746 tradita
3874 1696 4060 1761 spiritu
4095 1696 4179 1746 dei
4212 1693 4435 1762 gravida
4467 1693 4610 1744 facta
4644 1694 4728 1753 sit,

1137 1779 1327 1833 deinde
1362 1782 1475 1849 agit
1509 1781 1574 1832 de
1609 1780 1788 1832 dolore
1821 1778 2044 1845 Josephi
2078 1784 2133 1830 et
2164 1780 2496 1833 sacerdotum
2529 1781 2644 1847 ejus
2679 1782 2759 1832 rei
2793 1783 3095 1849 cognitione
3128 1782 3386 1839 instituta,
3423 1778 3490 1832 de
3524 1784 3682 1847 partu
3703 1781 3923 1850 virginis
3957 1781 4015 1831 in
4042 1779 4298 1846 spelunca
4336 1777 4408 1831 ad
4431 1777 4726 1838 Bethleem,

1138 1866 1204 1918 de
1237 1881 1348 1918 una
1380 1865 1467 1918 vel
1501 1864 1706 1917 duabus
1742 1864 2105 1917 obstetricibus
2138 1866 2489 1932 virginitatem
2525 1867 2883 1933 incorruptam
2917 1867 3251 1929 testantibus,
3287 1867 3352 1918 de
3375 1867 3504 1918 Jesu
3527 1868 3584 1917 in
3617 1865 3865 1931 templum
3902 1864 4095 1928 delato,
4131 1864 4197 1916 de
4220 1864 4374 1918 stella
4406 1869 4461 1916 et
4496 1861 4726 1915 adventu

1137 1968 1427 2021 magorum,
1464 1952 1529 2004 de
1561 1952 1698 2003 Jesu
1733 1955 1787 2001 et
1819 1951 2029 2002 Joanne
2062 1954 2290 2004 servatis
2325 1950 2446 2003 dum
2481 1954 2535 2003 in
2569 1952 2807 2019 reliquos
2841 1952 3308 2005 Bethleemitarum
3341 1951 3570 2003 infantes
3607 1952 3777 2002 saevit
3810 1950 4049 2002 Herodes
4085 1957 4139 2003 et
4169 1951 4479 2004 Zachariam
4516 1950 4583 2001 ob
4624 1948 4727 2000 filii

1137 2037 1388 2091 occultati
1420 2038 1771 2104 suspicionem
1806 2035 2071 2087 interimit.
2278 2038 2461 2090 Sermo
2496 2038 2621 2090 libri
2655 2039 2876 2107 simplex
2924 2044 2978 2091 et
3023 2039 3091 2092 ad
3126 2055 3235 2092 rem
3272 2036 3663 2092 accomodatus.
3714 2053 3798 2088 res
3832 2052 3940 2088 non
3972 2038 4404 2090 inconvenienter
4442 2037 4616 2087 elatae
4673 2042 4727 2084 et

1136 2124 1191 2174 in
1222 2123 1394 2190 majus
1430 2131 1634 2174 auctae.
1684 2122 2053 2173 miraculorum
2089 2124 2357 2189 usurpatio
2391 2139 2529 2177 rara.
2576 2128 2724 2177 totus
2759 2126 2930 2192 operis
2965 2125 3176 2178 habitus
3212 2126 3480 2178 modestus
3516 2129 3570 2176 et
3603 2123 3837 2175 decorus.

1339 2209 1458 2260 Hoc
1482 2207 1549 2260 de
1574 2222 1677 2274 quo
1703 2205 1927 2258 diximus
1949 2209 2403 2276 proterangelium
2427 2210 2620 2262 Jacobi
2656 2219 2872 2270 (nomen
2895 2213 3128 2264 auctoris
3161 2227 3289 2279 prae
3321 2226 3382 2262 se
3415 2210 3520 2262 fert
3540 2225 3658 2275 cap.
3680 2209 3779 2261 ult.
3813 2211 3887 2263 in.
3924 2206 4032 2277 ἐγώ
4066 2206 4126 2261 δὲ
4161 2204 4408 2275 Ἰάκωβος
4440 2207 4469 2260 ὃ
4505 2204 4726 2277 γράψας

1134 2291 1231 2359 τὴν
1266 2292 1509 2365 ἱστορίαν
1543 2287 1736 2356 ταύτην
1778 2292 1839 2343 ἐν
1865 2289 2232 2363 Ἰερουσαλήμ)
2265 2294 2576 2363 fabulasque
2611 2311 2676 2364 eo
2710 2296 2930 2350 beditas
2965 2314 3031 2349 ex
3065 2299 3263 2350 oriente
3297 2313 3419 2348 mox
3451 2297 3606 2348 etiam
3644 2295 3713 2347 ad
3739 2295 4050 2348 christianos
4074 2294 4433 2347 occidentales
4458 2296 4714 2361 serpsisse

1132 2384 1318 2431 testem
1351 2379 1607 2431 habemus
1649 2378 1818 2430 seculi
1860 2381 2039 2445 quarti
2082 2383 2322 2433 exeuntis
2374 2387 2430 2434 et
2464 2384 2634 2449 quinti
2674 2383 2909 2436 ineuntis
2943 2383 3342 2450 Hieronymum.
3398 2383 3486 2450 qui
3533 2381 3676 2448 qnod
3717 2383 3775 2433 in
3823 2381 3960 2433 libro
4005 2382 4126 2436 adv.
4161 2380 4470 2433 Helvidium
4514 2380 4583 2444 (a.
4620 2377 4723 2432 384

1134 2470 1358 2518 exeunte
1391 2463 1609 2531 scripto)
1644 2464 1839 2530 profert
1871 2462 2042 2531 cap.8
2075 2471 2220 2533 (opp.
2256 2466 2341 2520 ed.
2373 2467 2670 2520 vallarsius
2692 2464 2746 2530 2,
2769 2467 2895 2533 su)
2941 2468 3093 2520 nulla
3124 2468 3197 2519 ibi
3228 2468 3490 2532 obstetrix,
3523 2467 3674 2520 nulla
3706 2467 4126 2519 muliercularum
4158 2466 4401 2519 sedulitas
4434 2466 4722 2518 menecea.

1134 2552 1249 2619 ipsa
1276 2549 1470 2618 parmis
1500 2550 1704 2602 involvit
1735 2549 2001 2614 bisantem,
2036 2550 2152 2618 ipsa
2184 2560 2232 2604 et
2262 2560 2425 2605 mater
2457 2560 2504 2605 et
2538 2553 2774 2605 obstetrix
2793 2554 2925 2622 sut't.
2951 2550 3020 2606 ‘et
3041 2554 3292 2607 collocavit
3326 2550 3469 2618 Μ’,
3504 2554 3670 2622 &quit
3702 2553 4026 2621 evartqelc'sta,
4053 2550 4131 2604 ‘in
4145 2554 4434 2621 praesepio,
4467 2553 4591 2621 quia
4622 2567 4724 2604 non

1134 2630 1922 2689 erateilocusindt‘versorio'.
1969 2638 2383 2704 quaeseratentia
2427 2639 2916 2708 &apocryphorum
2956 2639 3292 2693 deliramenta
3333 2640 3598 2704 convivacit,
3650 2639 3991 2691 dearia
4031 2636 4726 2706 ipsapannisinvolvitin·

1112 2725 1404 2775 ‚samm—
1420 2727 1660 2788 spectare
1691 2720 1900 2774 videtur
1933 2721 2003 2774 ad
2033 2728 2234 2789 protev,
2268 2741 2385 2792 cap.
2405 2721 2473 2779 19
2507 2730 2560 2778 et
2592 2721 2861 2793 90‘(apud
2884 2726 3163 2779 Thilonem
3194 2743 3247 2793 p.
3270 2723 3374 2780 22⁴
3397 2743 3529 2793 sqq„
3564 2726 3707 2792 apud
3724 2724 4177 2777 Tischendorfium
4214 2739 4247 2790 p
4293 2720 4361 2777 34
4385 2729 4544 2789 sqq.).
4595 2724 4719 2773 item

1135 2804 1279 2875 quod
1310 2808 1469 2859 habet
1500 2809 1559 2859 in
1582 2810 1970 2860 commentariis
2006 2808 2415 2863 adMatthaeum
2441 2808 2520 2875 12,
2542 2808 2612 2866 49
2645 2811 2724 2876 (ἰιι
2742 2811 2862 2866 edit.
2881 2813 3133 2865 Vallarsii
3157 2811 3205 2875 7,
3232 2809 3281 2874 l,
3307 2807 3401 2873 86)
3437 2810 3645 2879 quidam
3676 2813 3872 2877 fratres
3904 2809 4096 2862 domim
4127 2809 4190 2861 de
4223 2808 4334 2861 alia
4365 2823 4523 2859 wore
4539 2806 4727 2873 Joseplz

1137 2892 1265 2948 filios
1297 2892 1625 2960 suspicantur
1658 2902 1918 2960 sequentes
1949 2893 2286 2948 deliramenta
2318 2896 2724 2965 apocryphorum
2755 2898 3141 2967 protevangelii
3173 2914 3291 2964 cap.
3308 2895 3343 2953 9
3378 2898 3553 2949 locum
3584 2897 3800 2964 respicit
3834 2890 3985 2954 υἱοὺς
4015 2894 4122 2965 ἔχω
4158 2893 4252 2947 καὶ
4287 2888 4578 2964 πρεσβύτης
4610 2893 4725 2962 εἰμι’

1136 2982 1247 3044 (ap.
1271 2978 1411 3031 Thn.
1445 2995 1500 3045 p.
1519 2974 1642 3046 208,
1677 2995 1765 3046 ap.
1788 2979 2024 3033 Tischdf.
2056 2996 2112 3049 p.
2136 2978 2227 3042 18)
2263 2990 2319 3034 et
2354 2998 2471 3049 cap.
2492 2982 2556 3037 17
2592 2980 2701 3051 ἐγὼ
2733 2979 3133 3054 α’πογρῶψομαι
3166 2978 3287 3042 τοῦς
3317 2978 3470 3042 υἱούς
3498 2999 3608 3053 μου
3642 2986 3750 3049 (ap.
3775 2981 4012 3034 Tischdf.
4047 2999 4099 3048 p.
4120 2978 4207 3048 30,
4240 2998 4329 3048 ap.
4350 2981 4490 3033 Thil.
4512 2997 4561 3046 p.
4581 2976 4726 3041 236).

1138 3077 1277 3129 quae
1307 3079 1437 3116 vero
1473 3063 1541 3116 ad
1571 3064 1756 3117 Matth.
1781 3063 1865 3131 23,
1888 3063 1958 3119 35
1992 3066 2153 3118 habet
2185 3068 2266 3127 (in
2289 3065 2414 3121 edit.
2438 3066 2691 3120 Vallarsii
2714 3068 2763 3134 7,
2790 3068 2838 3136 1,
2863 3066 2987 3133 190)
3024 3069 3118 3121 alii
3134 3069 3442 3121 Zachariam
3470 3076 3671 3135 patrem
3696 3067 3915 3120 Joanm's
3947 3067 4161 3136 intelligi
4191 3067 4382 3128 volant,
4415 3082 4479 3118 ετ
4514 3064 4718 3133 quibus·

1136 3149 1257 3201 dam
1290 3150 1694 3218 apem-yphorwn
1727 3152 1930 3204 somniis
1962 3152 2317 3221 approbantes,
2351 3154 2487 3221 quod
2511 3161 2790 3221 propterea
2823 3156 3009 3209 occisus
3042 3157 3122 3218 sit,
3158 3155 3282 3223 quia
3314 3154 3583 3207 amatoris
3598 3154 3916 3222 praedicar-'t
3938 3155 4223 3216 adventum,
4258 3169 4415 3221 quem
4449 3154 4623 3205 locum
4658 3154 4728 3204 ad

1140 3238 1601 3305 protevangelium
1633 3237 1827 3291 Jacobi
1858 3239 2097 3291 referunt
2130 3243 2185 3291 et
2217 3239 2375 3291 Thilo
2410 3257 2463 3307 p.
2480 3241 2659 3293 XCIII
2694 3246 2749 3294 et
2781 3241 3207 3293 Tischendorflus
3239 3257 3292 3308 p.
3311 3241 3476 3304 XXV,
3510 3241 3648 3294 haec
3683 3241 3753 3294 ad
3785 3241 3900 3308 ejus
3934 3256 4056 3309 cap.
4074 3237 4171 3304 23,
4203 3241 4263 3291 in
4296 3253 4399 3305 qno
4435 3238 4726 3290 Zachariae

1144 3337 1246 3372 nex
1280 3327 1548 3387 narratur,
1590 3338 1699 3376 non
1742 3324 1903 3391 plane
1948 3324 2212 3393 quadrant
2253 3325 2393 3392 qnod
2432 3326 2502 3379 ad
2546 3342 2764 3379 causam
2819 3328 2965 3379 necis
3010 3328 3225 3390 attinet,
3276 3344 3415 3394 quae
3458 3333 3539 3380 eat
3580 3328 3692 3380 illic
3727 3328 4018 3379 criminatio
4052 3327 4147 3379 lilii
4183 3325 4434 3379 occultati
4483 3329 4537 3375 et
4569 3325 4726 3375 timor

1139 3408 1351 3472 tyranni
1383 3422 1454 3458 ne
1486 3407 1660 3460 infans
1693 3409 1958 3476 quondam
1990 3425 2215 3478 regnum
2248 3412 2317 3464 sit
2349 3410 2669 3465 adfecturus.
2721 3427 2918 3465 censeo
2953 3411 3194 3479 equidem
3230 3413 3611 3480 Hieronymum
3656 3418 3752 3466 ant
3785 3414 4054 3466 miscuisse
4095 3427 4232 3480 quae
4282 3411 4348 3464 de
4383 3425 4546 3462 causa
4577 3410 4728 3461 necis

1142 3497 1196 3544 et
1229 3491 1297 3543 de
1331 3493 1607 3546 sacerdote
1640 3499 1800 3547 antea
1832 3495 2037 3548 Mariae
2069 3495 2418 3550 benedicente
2451 3499 2756 3565 tradantur,
2807 3504 2903 3551 aut
2944 3498 3104 3550 alium
3152 3503 3350 3551 textum
3393 3515 3428 3551 a
3462 3504 3645 3552 nostro
3686 3500 4080 3552 dissentientem
4110 3499 4372 3551 habuisse.
4425 3497 4578 3549 brevi
4608 3501 4728 3561 post

1139 3579 1484 3631 Innocentius
1517 3579 1546 3631 1
1579 3595 1721 3647 papa
1756 3582 1814 3633 in
1849 3582 2073 3649 epistola
2105 3582 2175 3634 ad
2209 3582 2560 3650 Exsuperium
2596 3585 2920 3637 Tolosanum
2953 3585 3062 3646 (ed.
3089 3584 3363 3638 Constant.
3397 3601 3451 3652 p.
3476 3580 3595 3649 796,
3629 3601 3715 3652 ap.
3734 3583 3980 3638 Galland.
4003 3582 4055 3648 8,
4077 3578 4202 3644 561)
4237 3599 4370 3654 quae
4403 3582 4495 3634 sub
4527 3580 4728 3633 nomine

1140 3663 1318 3715 Jacobi
1359 3664 1569 3716 morio
1612 3665 1804 3733 scr-ipta
1846 3674 1966 3719 sunt
2011 3665 2297 3722 damnavit.
2346 3667 2450 3721 dne
2485 3684 2595 3722 sec.
2613 3670 2650 3723 5
2684 3670 2931 3723 Gelasius
2973 3686 3117 3738 papa
3160 3672 3218 3724 in
3252 3671 3503 3723 decretali
3536 3670 3604 3723 de
3639 3673 3806 3738 recip.
3851 3677 3904 3724 et
3937 3686 4043 3723 non
4077 3672 4236 3736 recip.
4267 3670 4384 3722 libr.
4420 3666 4525 3732 (ed.
4562 3666 4730 3719 Andr.

1141 3750 1315 3815 Thiel,
1347 3749 1716 3820 Brunsbergae
1741 3748 1877 3807 1866
1910 3769 1964 3820 p.
1987 3749 2079 3818 2⁴)
2117 3754 2429 3822 evangelium
2462 3755 2664 3809 nomine
2696 3755 2874 3809 Jacobi
2905 3756 3254 3827 apocrypham
3295 3759 3519 3809 censuit.
3570 3763 3720 3810 sexto
3757 3757 3865 3810 fere
3911 3756 4089 3809 seculo
4123 3762 4390 3810 auctorem
4426 3754 4601 3821 operis
4635 3755 4728 3803 im-

1141 3835 1364 3902 perfecti
1400 3838 1458 3889 in
1491 3837 1816 3891 Matthaeum
1862 3839 2039 3892 verbis
2084 3841 2278 3907 quibus
2321 3843 2488 3893 utitur
2528 3845 2674 3910 (opp.
2698 3842 3056 3910 Chrysostomi
3089 3842 3175 3896 ed.
3198 3843 3544 3895 Montfancon
3567 3837 3620 3908 6,
3644 3843 3824 3896 XXIV
3833 3844 3865 3895 b
3900 3843 3969 3895 ad
4003 3840 4117 3909 fin.)
4168 3842 4295 3894 sieta
4328 3839 4541 3892 historia
4573 3853 4728 3906 quae·

1141 3921 1262 3972 dam
1294 3938 1397 3974 non
1428 3921 1735 3977 incredibilis
1767 3940 1929 3993 neque
1961 3924 2330 3978 irrationabilis
2362 3926 2515 3992 docet,
2549 3928 2757 3996 quando
2786 3936 2930 3998 qesta
2962 3936 3080 3980 sant
3114 3944 3247 3997 quae
3268 3930 3429 3997 refert
3453 3928 3642 3994 Lucas,
3674 3927 3863 3995 Ioseph
3884 3927 4064 3979 absm
4086 3935 4198 3980 erat
4228 3926 4297 3980 ad
4316 3932 4517 3993 proter.
4538 3925 4727 3977 Jacobi

1144 4024 1192 4059 c.
1211 4005 1246 4063 9
1271 4013 1404 4060 extr.
1427 4014 1482 4061 et
1505 4007 1573 4063 13
1594 4012 1667 4065 in.
1701 4017 1955 4078 spectare,
1980 4028 2044 4064 eo
2069 4013 2317 4079 probatur
2339 4012 2480 4080 quod
2503 4015 2641 4066 idem
2664 4021 2850 4068 auctor
2872 4017 3185 4069 senteutiam
3219 4030 3326 4082 qua
3356 4015 3664 4082 pudicitiam
3697 4019 3960 4067 servatam
3996 4013 4222 4065 affirmat
4243 4013 4416 4066 Maria
4446 4014 4502 4063 in
4523 4017 4722 4077 prolev.

1141 4111 1189 4146 c.
1214 4089 1282 4145 13
1304 4093 1394 4148 fin.
1442 4100 1578 4155 (sec.
1614 4096 1731 4151 cod.
1765 4095 1930 4149 Vatic.
1965 4113 2107 4149 num.
2145 4097 2274 4154 455)
2326 4096 2387 4170 ζῇ
2431 4094 2613 4169 κύριος
2653 4098 2683 4152 ὃ
2729 4096 2857 4161 θεός
2902 4118 3011 4172 μου
3045 4096 3237 4154 κάθου
3280 4095 3346 4153 οὐ
3385 4095 3633 4169 γινώσκω
3677 4095 3853 4152 πόθεν
3894 4095 4041 4151 τοῦτό
4090 4100 4233 4151 ἐστιν
4267 4098 4424 4165 paulo
4459 4102 4580 4163 post
4610 4096 4647 4146 1.
4682 4112 4727 4146 c.

1143 4196 1193 4245 p.
1211 4178 1394 4232 xxva
1426 4180 1495 4232 ad
1530 4182 1751 4234 verbum
1783 4185 1943 4236 vertit
1975 4182 2094 4236 vivit
2126 4182 2383 4247 domus,
2424 4185 2589 4238 nescio
2620 4187 2761 4241 uncle
2810 4187 2875 4240 sit
2915 4187 3029 4239 hoc:
3086 4185 3228 4255 quod
3272 4202 3443 4254 neque
3477 4186 3756 4239 Thilonem
3797 4202 3968 4253 neque
4001 4184 4458 4237 Tischendorflum
4493 4182 4724 4235 animad-

1143 4266 1369 4318 vertisse
1407 4267 1673 4322 miramur.

1349 4351 1590 4487 {endent
1631 4369 1697 4406 ex
1742 4355 2138 4422 protevangelio
2185 4357 2379 4410 Jacobi
2419 4359 2594 4425 plures
2642 4359 2763 4411 libri
2808 4359 2983 4424 latini,
3036 4374 3281 4426 quorum,
3335 4360 3427 4426 qni
3470 4358 3622 4411 nobis
3665 4358 3878 4425 quidem
3919 4358 4287 4421 innotuerunt,
4341 4357 4727 4409 vetustissimus

1147 4451 1265 4487 esse
1298 4436 1353 4486 vi
1390 4441 1508 4488 etur

1345 4520 1419 4573 11.
1470 4515 1626 4578 Uber
1668 4518 1735 4577 do
1780 4519 2020 4580 Infanti&
2055 4518 2262 4581 1811δο
2309 4522 2370 4581 οἱ
2404 4521 2612 4583 0111th
2653 4523 2973 4583 “Intum-
3046 4529 3245 4595 primus
3290 4546 3411 4582 enm
3452 4531 3508 4582 in
3553 4531 3729 4596 capita
3748 4524 3818 4582 24
3862 4527 4166 4581 distinctum
4213 4529 4376 4581 edidit
4410 4528 4729 4580 clarissimus

1144 4607 1301 4658 Thilo
1336 4608 1393 4659 in
1427 4608 1544 4661 cod.
1581 4624 1756 4675 apocr.
1791 4625 1843 4677 p.
1865 4607 2141 4667 337-400
2175 4613 2272 4664 sub
2308 4612 2463 4665 titulo
2497 4611 2734 4665 Historia
2768 4613 2832 4664 de
2864 4613 3130 4666 nativitate
3164 4615 3371 4668 Mariae
3404 4622 3452 4667 ct
3485 4615 3548 4667 de
3580 4613 3810 4683 infautia
3842 4614 4127 4667 salvatoris.
4177 4617 4364 4682 incipit
4395 4614 4529 4666 Erat
4559 4612 4640 4664 viv·
4673 4613 4731 4664 in

1150 4692 1323 4745 Israel
1354 4693 1553 4745 nomine
1586 4693 1815 4747 Joaehen
1845 4712 1910 4748 ex
1941 4696 2079 4748 tribu
2110 4696 2282 4762 luda,
2318 4700 2429 4751 exit
2460 4716 2564 4750 non
2590 4705 2706 4766 post
2738 4699 2952 4750 nathum
2982 4707 3178 4768 tempus
3209 4701 3340 4753 dia-it
3372 4701 3585 4769 angelus
3629 4700 3702 4752 ad
3734 4699 3921 4768 Ioseph
3947 4697 4217 4754 ‘revertere
4256 4700 4316 4752 ὄπ
4346 4708 4538 4752 terram
4570 4699 4730 4760 Juda,

1146 4779 1331 4831 mortui
1362 4795 1495 4831 emm
1528 4788 1648 4832 amit
1682 4781 1774 4848 qui
1805 4783 2118 4849 quaerebam
2150 4783 2377 4836 anim
2401 4782 2603 4852 puer-⁸⁰.
2677 4786 2922 4853 largioris
2958 4788 3356 4856 protevangelio
3389 4788 3584 4840 Jacobi
3618 4803 3812 4856 graeco
3843 4789 4134 4855 argumenti
4168 4787 4256 4839 hic
4288 4788 4423 4839 liber
4458 4791 4563 4849 est,
4606 4802 4729 4838 nam

1148 4871 1357 4931 praeter
1392 4882 1457 4918 ea
1490 4881 1630 4933 quae
1662 4869 1718 4919 in
1752 4868 1844 4920 illo
1878 4869 2126 4937 leguntur
2158 4869 2271 4922 fere
2306 4872 2485 4923 omnia
2519 4868 2910 4938 (desiderantur
2946 4873 3013 4925 de
3044 4874 3257 4926 Joanne
3288 4874 3552 4927 occultato
3605 4881 3661 4926 et
3694 4874 3953 4926 Zacharia
3999 4873 4067 4925 ob
4102 4874 4452 4940 suspicionem
4500 4873 4614 4939 ejus
4648 4875 4728 4924 rei

1148 4953 1423 5003 interemto
1457 4952 1692 5018 fabulae)
1728 4955 1963 5007 continet
1994 4954 2177 5023 fugam
2211 4957 2433 5024 Josephi
2469 4963 2522 5010 et
2543 4959 2748 5011 Mariae
2782 4974 2901 5011 cnm
2926 4960 3061 5011 Jesu
3093 4960 3295 5011 infante
3329 4961 3387 5011 in
3408 4960 3726 5028 Aegyptum,
3761 4958 4019 5026 quaedam
4054 4958 4168 5024 ejus
4190 4959 4445 5011 miracula
4477 4960 4549 5009 ibi
4585 4958 4728 5011 edita

1151 5041 1205 5089 et
1240 5040 1696 5091 commorationem
1729 5039 1964 5092 familiae
1997 5048 2214 5094 sanctae
2246 5043 2304 5095 in
2339 5043 2439 5095 hac
2472 5049 2613 5096 terra
2647 5059 2813 5111 usque
2845 5047 2914 5098 ad
2950 5044 3177 5097 reditum
3209 5048 3266 5095 in
3300 5047 3540 5112 patriam.
3583 5052 3799 5099 secutus
3835 5050 3915 5098 est
3937 5044 4093 5096 Thilo
4127 5046 4186 5095 in
4207 5042 4413 5096 edendo
4448 5043 4551 5095 hoc
4590 5045 4727 5096 libro

1150 5123 1385 5176 codicem
1417 5124 1585 5178 Paris.
1621 5123 1987 5181 num.5559A
2019 5128 2305 5182 membran.
2342 5144 2455 5182 sec.
2493 5127 2555 5183 14
2601 5127 2807 5196 (titulus
2841 5130 2962 5183 libri
3007 5133 3064 5181 in
3097 5131 3198 5183 hoc
3231 5132 3347 5185 cod.
3382 5138 3466 5184 est
3495 5132 3729 5184 Honorio
3777 5131 3840 5183 de
3872 5129 4102 5182 Joaohim
4140 5137 4188 5181 et
4221 5129 4379 5181 Anna
4423 5138 4471 5182 et
4505 5130 4568 5182 de
4600 5130 4732 5182 nati-

1151 5209 1299 5262 vitate
1333 5209 1508 5263 beatae
1541 5211 1626 5264 dei
1650 5210 1908 5280 genitricis
1947 5229 2238 5281 smper-qus
2278 5214 2488 5283 vir-qma
2524 5215 2733 5269 Mariae
2784 5225 2830 5269 et
2878 5217 2942 5268 de
2983 5216 3211 5283 infantia
3253 5216 3572 5282 salvatoris),
3623 5218 3859 5272 adhibito
3904 5217 4008 5269 alio
4050 5218 4177 5269 item
4211 5215 4363 5269 Paris
4417 5231 4558 5270 num.
4597 5212 4732 5272 1652
