5242 6280
997 1437 1119 1493 ‘Hv-

1152 826 1456 911 fulgorem
1499 828 1659 894 lucis
1691 828 2050 896 ostendere!
2102 836 2168 897 et
2209 832 2388 916 quasi
2433 833 2582 900 esset
2624 834 2712 900 ibi
2750 834 2907 901 hora
2949 835 3072 901 diei
3117 835 3286 901 sexta
3328 834 3420 900 ita
3460 833 3810 916 speluncam
3855 833 4068 900 diuina
4110 835 4314 917 gratia
4356 832 4723 900 illustrabat.

1155 947 1290 1029 Que
1330 949 1438 1013 lux
1479 967 1604 1014 non
1649 948 1892 1017 defecit.
1936 969 2051 1017 nec
2091 952 2156 1019 in
2199 953 2302 1021 die
2343 972 2457 1021 nec
2497 954 2564 1019 in
2607 954 2917 1039 noctem)
2961 954 3260 1036 quamdiu
3302 954 3387 1020 ibi
3431 953 3631 1019 maria
3674 950 4063 1028 mansitl¹⁸·›
4109 959 4173 1039 et
4202 954 4447 1037 peperit
4489 953 4723 1020 mascu-

1152 1066 1285 1132 lum
1299 1066 1428 1145 Μ).
1541 1067 1737 1146 Quem
1805 1071 2349 1139 circumdederunt
2409 1073 2759 1140 nascentem
2828 1074 3076 1158 angeli!
3099 1076 3206 1153 ¹⁷¹)
3282 1081 3350 1140 et
3413 1078 3631 1139 natum
3696 1071 3903 1136 statim
3955 1070 4373 1139 adorauerunt
4425 1071 4721 1139 dicentes.

1154 1185 1373 1254 Gloria
1427 1188 1494 1252 in
1551 1189 1812 1256 excelsis
1858 1190 2013 1257 deo!
2065 1196 2132 1258 et
2181 1193 2248 1258 in
2299 1197 2471 1260 terra
2521 1212 2643 1273 pax
2698 1193 3053 1261 hominibus
3096 1192 3261 1275 bone
3316 1192 3665 1261 uoluntatis.
3685 1191 3792 1272 ¹¹¹²)
3876 1189 3964 1256 Et
4016 1190 4450 1277 inueniens¹²³)
4505 1192 4725 1276 ioseph

1151 1307 1413 1374 mariam
1456 1326 1596 1375 cum
1638 1307 1876 1377 infante
1921 1329 2108 1394 quem
2150 1320 2472 1395 genuerat.
2515 1314 2676 1380 dixit
2714 1313 2796 1380 ad
2840 1331 2997 1379 eam.
3019 1315 3126 1389 ¹⁷⁴)
3212 1313 3375 1382 Ecce
3417 1314 3699 1380 zahelem
3721 1312 3830 1389 ¹⁷⁸)
3874 1310 3991 1376 tibi
4030 1310 4414 1378 obstetricem
4456 1313 4727 1379 adduxi!

1153 1446 1277 1511 que
1332 1446 1474 1495 ecce
1529 1428 1684 1496 foris
1723 1435 1871 1496 ante
1925 1430 2277 1514 speluncam
2332 1432 2466 1499 stat.
2529 1435 2679 1515 quia
2730 1452 2842 1516 pre
2885 1433 3078 1499 nimio
3116 1436 3126 1515 Ι
3163 1432 3484 1516 splendore
3525 1432 3647 1499 huc
3688 1451 3813 1498 non
3859 1431 4052 1514 potest
4093 1431 4371 1496 introire.
4463 1433 4737 1498 Audiens

1149 1552 1362 1615 autem
1380 1550 1486 1633 ¹⁷⁸)
1529 1550 1646 1616 hec
1687 1551 1887 1616 maria
1929 1550 2197 1619 subrisit.
2219 1554 2327 1629 ¹‘¹’)
2413 1552 2642 1635 Ioseph
2694 1557 2903 1619 autem
2958 1553 3117 1619 dixit
3174 1552 3256 1619 ad
3299 1571 3459 1620 eam.
3545 1552 3690 1619 Noli
3732 1551 4066 1618 subridere.
4112 1551 4216 1618 sed
4263 1549 4388 1615 esto
4432 1557 4612 1615 cauta
4652 1557 4727 1616 ut

1150 1668 1434 1752 inspiciat
1487 1669 1593 1736 te!
1649 1687 1728 1735 ne
1780 1668 1943 1736 forte
1985 1670 2272 1755 indigeas
2310 1673 2621 1740 medicina
2665 1673 2808 1740 eius.
2896 1673 2981 1740 Et
3022 1673 3146 1739 iuss'
3147 1675 3199 1739 it
3240 1690 3381 1739 eam
3422 1673 3620 1737 maria
3661 1672 3921 1739 introire
3971 1671 4052 1736 ad
4093 1671 4176 1737 se.
4263 1667 4543 1751 Cumque
4590 1688 4728 1750 per·

1148 1789 1407 1856 misiss'et
1448 1789 1509 1854 se
1551 1790 1752 1855 maria
1792 1789 2090 1857 scrutari!
2132 1793 2428 1860 clamauit
2461 1811 2615 1859 uoce
2657 1811 2887 1875 magna
2918 1793 3213 1860 obstetrix
3251 1799 3318 1859 et
3360 1792 3534 1858 dixit.
3613 1790 3874 1858 Domine
3918 1809 4143 1874 magne
4175 1789 4484 1855 miserere.
4530 1789 4731 1855 adhuc

1148 1908 1267 1975 hoc
1308 1927 1646 1991 numquam
1666 1910 1774 1986 ¹⁷⁸)
1817 1928 1931 1976 nec
1974 1912 2255 1979 auditum
2309 1932 2424 1980 nec
2469 1914 2531 1979 in
2587 1913 2923 1996 suspicione
2975 1913 3258 1979 habitum
3302 1909 3552 1987 est¹'⁰)!
3604 1917 3675 1976 ut
3716 1912 3991 1977 mamille
4035 1911 4219 1993 plene
4263 1909 4392 1975 sint
4434 1907 4623 1973 lactis.
4668 1914 4734 1974 et

1149 2033 1332 2094 natvs
1376 2028 1681 2094 masculus
1713 2029 2021 2113 uirginem
2080 2032 2248 2098 suam
2293 2041 2555 2100 matrem
2601 2032 2901 2099 ostendat.
2990 2032 3180 2098 Nulla
3222 2032 3484 2116 pollutio
3527 2031 3796 2113 sanginis
3805 2032 3909 2112 ¹⁸⁰)
3952 2029 4118 2097 facta
4175 2030 4264 2096 est
4319 2030 4383 2095 in
4429 2029 4729 2094 nascente.

1149 2147 1360 2214 nullus
1394 2148 1571 2214 dolor
1614 2149 1676 2214 in
1725 2152 2114 2231 parturiente
2176 2154 2441 2234 aparuit.
2533 2152 2728 2235 Uirgo
2772 2153 3054 2234 concepit
3106 2154 3286 2236 uirgo
3342 2150 3627 2235 peperit!
3687 2155 3753 2215 et
3809 2150 3942 2232 post
3995 2170 4180 2233 quam
4228 2151 4473 2232 peperit
4517 2147 4731 2233 uirgo}

1099 2316 1114 2332 .
1148 2268 1268 2335 ess'e
1309 2268 1626 2351 perdurat.
1712 2271 1995 2337 Audiens
2025 2272 2185 2338 hanc
2240 2290 2455 2339 nocem
2500 2273 2627 2339 alia
2669 2271 2962 2338 obstetrix
3015 2272 3261 2339 nomine
3314 2273 3541 2353 salome
3586 2271 3764 2337 dixit.
3855 2270 4047 2336 Plane
4100 2271 4217 2336 hoc
4259 2290 4375 2353 ego
4429 2289 4550 2335 non
4598 2286 4730 2334 cre·

1147 2390 1336 2456 dam!
1394 2388 1493 2454 nis
1496 2389 1517 2454 i
1562 2387 1724 2456 forte
1767 2389 2137 2473 probauero.
2223 2392 2309 2457 Et
2359 2392 2624 2474 ingressa
2680 2392 2904 2473 salome
2970 2392 3051 2456 ad
3104 2391 3409 2458 mariam!
3470 2392 3629 2457 dixit
3670 2394 3749 2457 ei.
3837 2390 4062 2456 Patere
4106 2398 4170 2456 te
4214 2390 4472 2473 conspici
4518 2409 4556 2455 a
4594 2389 4734 2455 me!

1147 2515 1221 2576 ut
1280 2509 1633 2591 cognoscam
1689 2509 1744 2575 si
1801 2510 1996 2577 uerba
2048 2511 2293 2600 zabelis
2329 2531 2481 2579 uera
2535 2514 2674 2577 sunt
2729 2530 2851 2593 que
2905 2511 3206 2577 indicauit
3248 2512 3418 2577 mihi.
3507 2512 3788 2592 Cumque
3833 2510 4203 2595 permisisset
4243 2512 4443 2576 maria
4485 2511 4543 2576 ei
4587 2528 4731 2575 con-

1149 2630 1422 2713 spectum
1465 2629 1677 2694 suum!
1718 2628 1932 2707 statim
1966 2637 2038 2696 ut
2080 2650 2331 2698 manum
2376 2632 2698 2697 dexteram
2745 2631 2913 2696 suam
2960 2631 3188 2712 salome
3232 2631 3311 2697 ab
3356 2631 3705 2715 aspectione
3748 2632 3885 2697 eius
3915 2630 4231 2696 abstraxit.
4276 2632 4444 2695 aruit
4486 2628 4736 2696 manus!

1327 2918 1452 2986 168)
1487 2926 1638 2986 nocte
1671 2922 1742 2974 eie
1775 2922 1946 2976 coda.
2034 2923 2167 2976 V‘mc.
2202 2924 2334 2979 Bell.
2360 2925 2396 2975 l.
2419 2942 2446 2976 e
2487 2942 2601 2991 cap.
2620 2923 2689 2978 78
2721 2941 2821 2977 nee
2856 2925 3051 2977 defecit
3082 2926 3178 2977 illa
3209 2926 3299 2977 lux
3334 2925 3420 2977 die
3455 2927 3540 2977 vel
3576 2931 3746 2978 nocte.
3915 2921 4037 2987 169)
4073 2923 4383 2991 Speluncam
4414 2922 4739 2985 tenebrosam,

1149 3007 1304 3059 simul
1335 3014 1488 3075 atque
1521 3024 1632 3059 eam
1664 3009 1871 3062 intravit
1906 3010 2109 3074 Maria,
2161 3010 2480 3077 aplendidam
2522 3018 2569 3062 et
2591 3012 2796 3079 saetam
2828 3027 2933 3063 esee
2978 3020 3025 3063 et
3050 3011 3393 3078 pemamieee
3436 3027 3465 3063 e
3492 3012 3652 3080 poeti-3
3685 3012 3781 3064 soli
3811 3011 3995 3063 babent
4026 3009 4340 3063 Hrodwitha
4373 3007 4503 3071 (elr.
4521 3027 4581 3076 p.
4605 3010 4734 3061 med.

1150 3090 1240 3147 fed
1284 3110 1406 3147 mox
1448 3099 1508 3147 ut
1540 3095 1710 3148 lucem
1744 3098 1973 3165 genitrix
2004 3097 2242 3165 paritura
2276 3113 2557 3165 perennem
2600 3098 2739 3150 hauc
2783 3097 2932 3163 adiit,
2968 3097 3130 3154 radiis
3164 3100 3307 3165 cepit
3338 3099 3544 3169 fulgere
3579 3095 3828 3152 coruscis.
3864 3114 3963 3152 uec
3997 3093 4112 3167 post
4143 3098 4244 3151 hec
4277 3098 4354 3148 ibi
4389 3092 4610 3149 coelestia
4643 3096 4734 3148 lux

1151 3182 1318 3235 defuit
1350 3185 1491 3233 omni
1522 3187 1757 3249 tempore
1792 3199 1894 3250 quo
1928 3186 2154 3251 genitrix
2186 3185 2293 3236 illic
2326 3180 2516 3237 mansit
2551 3185 2684 3235 bene
2717 3184 2884 3251 foelix)
2917 3191 2963 3237 et
3005 3185 3309 3237 Wmhenu
3341 3183 3488 3250 (195,
3512 3183 3581 3239 40
3603 3200 3705 3250 eqq.
3742 3186 3809 3237 do
3843 3182 3924 3237 sie
3958 3187 4044 3249 gie
4076 3186 4135 3236 iu
4168 3185 4273 3236 den
4305 3179 4453 3247 stein,
4487 3184 4555 3234 ᾶό
4587 3183 4731 3234 lfibte

1151 3268 1295 3321 unde
1327 3265 1559 3321 erscheiu
1592 3271 1678 3322 ein
1712 3271 1901 3322 michel
1935 3272 2064 3323 lieht
2098 3270 2194 3322 dar
2226 3273 2349 3323 inne
2383 3287 2557 3339 gegen
2600 3271 2693 3322 der
2726 3271 3031 3338 kuniginne.
3067 3271 3153 3323 die
3187 3274 3304 3325 wile
3326 3270 3425 3324 du
3449 3269 3528 3325 sie
3556 3272 3625 3324 da
3645 3272 3837 3334 beleib‚
3873 3272 3958 3323 die
3982 3267 4175 3334 vinster
4199 3270 4296 3323 daz
4318 3270 4447 3322 liebt
4468 3269 4734 3335 vertreib),

1426 3349 1550 3412 170)
1610 3354 1753 3407 Vocis
1785 3352 2067 3408 masculum
2109 3357 2260 3408 litera
2291 3373 2325 3408 a
2369 3374 2406 3408 a
2438 3357 2652 3408 librario
2683 3356 2793 3423 ipso
2825 3356 3183 3423 superscripta„
3477 3356 3597 3422 171)
3641 3357 3955 3410 Hrodevitlza
3988 3354 4097 3409 elr.
4131 3356 4202 3409 ad
4221 3357 4320 3423 fin.
4354 3372 4459 3407 non
4488 3355 4605 3406 dicit
4640 3372 4733 3405 an-

1151 3438 1289 3506 9eloe
1316 3439 1687 3504 parturientem
1720 3441 1998 3508 adjuvi-sae,
2041 3443 2132 3495 sed
2161 3450 2377 3508 partum
2420 3443 2736 3495 collaudasse
2778 3458 2859 3494 eon
2900 3442 3033 3494 dicit.
3078 3443 3138 3494 in
3176 3443 3468 3495 Pauionali
3500 3453 3573 3496 eet
3598 3442 3680 3506 19,
3702 3442 3771 3497 52
3794 3457 3896 3508 sqq.
3941 3444 4009 3496 κῆ
4051 3444 4098 3494 ir
4139 3441 4482 3496 aneschouwe
4523 3459 4632 3494 was
4668 3441 4738 3493 da

1154 3529 1307 3590 gotes
1343 3525 1498 3591 eugel
1531 3526 1636 3590 vil,
1671 3527 1757 3579 die
1790 3529 1836 3580 ir
1868 3530 1925 3579 iu
1960 3529 2077 3581 dem
2112 3525 2292 3582 selben
2325 3530 2397 3581 zil
2431 3531 2531 3581 daz
2563 3530 2681 3581 kint
2714 3529 2894 3581 hulsen
2927 3530 3209 3593 bei-deheu,
3244 3530 3310 3581 do
3344 3525 3397 3581 si
3430 3530 3640 3581 bewant
3674 3533 3767 3582 mit
3799 3530 3993 3582 tuchen
4024 3531 4073 3581 ir
4106 3530 4221 3582 kint
4245 3529 4330 3579 die
4366 3535 4516 3596 gotes
4539 3529 4739 3580 irwelte

1153 3610 1360 3664 vrucht.
1390 3610 1570 3677 pulei-e
1618 3612 1923 3666 Wemloeru·
1950 3610 2065 3679 196,
2085 3612 2150 3668 13
2167 3626 2270 3680 sqq.
2305 3616 2398 3668 diu
2433 3617 2624 3684 geburt
2655 3611 2820 3669 tanne
2857 3617 3030 3684 ergie,
3072 3632 3189 3668 wan
3223 3611 3304 3668 sie
3339 3618 3393 3666 in
3428 3617 3527 3668 aue
3582 3616 3703 3667 meil
3742 3615 3908 3682 eupfie
3951 3615 4060 3666 und
4092 3615 4195 3666 ane
4227 3611 4388 3668 funde
4422 3616 4599 3682 gebat.
4635 3630 4739 3665 von

1155 3696 1301 3749 rebte
1335 3698 1382 3747 ir
1414 3697 1579 3749 leidee
1614 3700 1771 3751 nieue
1801 3715 1926 3752 war.
1960 3702 2008 3752 ir
2039 3702 2215 3754 wat-en
2251 3703 2337 3754 die
2371 3702 2529 3769 eugel
2565 3702 2648 3764 bi,
2683 3702 2767 3753 die
2802 3703 2946 3755 taten
2979 3699 3060 3755 sie
3092 3698 3283 3768 sor-geu
3315 3702 3414 3765 vri,
3450 3700 3517 3753 do
3554 3697 3633 3754 sie
3668 3700 3853 3752 bruhte
3889 3700 3990 3752 den
4016 3700 4217 3753 heilant
4250 3701 4341 3753 der
4377 3701 4468 3753 diu
4502 3695 4737 3752 irdil'ken

1156 3782 1286 3834 bant
1317 3798 1419 3834 une
1455 3800 1516 3835 ze
1549 3784 1686 3837 heile
1719 3786 1877 3839 wolte
1909 3782 2168 3840 scouweu.
2202 3788 2298 3854 jan
2336 3804 2444 3839 was
2480 3789 2585 3839 ouh
2623 3789 2678 3839 bi
2712 3788 2805 3839 der
2838 3790 3076 3841 frouwen
3109 3789 3300 3839 nehein
3334 3788 3648 3840 werltlieher
3683 3787 3757 3852 lip
3794 3785 4036 3839 enweder
4078 3803 4201 3838 man
4233 3787 4339 3839 noh
4373 3787 4506 3853 wip:
4554 3787 4738 3839 wirdik

1155 3885 1266 3921 wne
1302 3869 1394 3921 dee
1428 3871 1652 3932 niemen,
1689 3872 1758 3924 da
1792 3873 1878 3925 die
1912 3873 2067 3940 engel
2099 3869 2333 3927 scholteu
2366 3874 2557 3927 dienen
2590 3875 2708 3926 dem
2744 3876 3027 3942 gotlichem
3060 3870 3314 3941 geslehte.
3358 3874 3586 3925 animum
3621 3872 3852 3924 attendas
3893 3879 3994 3923 trea
4042 3872 4170 3923 alios
4195 3880 4373 3939 poetae
4412 3873 4739 3925 Ouonradum

1158 3951 1242 4019 76,
1259 3954 1327 4008 47
1349 3968 1469 4019 ηρ,
1506 3957 1804 4025 Philippum
1843 3959 2041 4011 Gar-tm.
2057 3956 2196 4016 2048
2211 3973 2332 4025 ew„
2383 3961 2694 4012 waltherum
2718 3961 2931 4012 Boinav.
2950 3959 3034 4028 58,
3052 3960 3119 4013 53
3138 3971 3240 4023 sqq.
3273 3959 3450 4010 iiedem
3468 3962 3591 4028 sere
3623 3959 3785 4011 verbis
3806 3966 4000 4019 notare,
4037 3959 4240 4026 angelos
4262 3959 4413 4026 quasi
4432 3960 4742 4012 obstetricum

1156 4057 1365 4093 maere
1396 4059 1502 4095 ecee
1531 4045 1748 4108 fimor-
1959 4044 2084 4113 179)
2120 4045 2248 4098 Luc.
2281 4042 2334 4109 2,
2370 4045 2494 4099 1⁴ae
2666 4045 2789 4106 173)
2838 4045 2988 4098 Verbi
3018 4043 3295 4098 iunenieus
3320 4046 3470 4098 litera
3495 4046 3816 4114 paenultima
3847 4062 3883 4096 n
3916 4045 4276 4112 superscripta.
4483 4044 4607 4104 174)
4644 4046 4740 4097 Pe·

1149 4136 1362 4194 perorat
1395 4129 1578 4181 Maria
1619 4129 1678 4184 in
1709 4131 1951 4198 opelmnca
1983 4133 2270 4184 mortalium
2309 4132 2507 4184 nemine
2540 4132 2798 4184 acuteque
2811 4172 2824 4196 ‚
2869 4133 3063 4201 angelis
3105 4132 3188 4184 dei
3229 4134 3346 4184 eolis
3382 4133 3753 4200 praesmibm.
3818 4131 4067 4197 Joeeplzue
4110 4131 4305 4184 abierat
4345 4140 4402 4182 ut
4443 4132 4740 4184 obstetricem

1158 4222 1444 4281 quaereret:
1477 4217 1613 4283 quod
1644 4216 1745 4270 dici
1775 4217 1959 4283 debuit,
1993 4226 2039 4270 et
2072 4236 2131 4271 re
2160 4236 2285 4270 vera
2316 4219 2373 4270 in
2404 4218 2615 4285 reliquie
2647 4219 2766 4271 libri
2796 4219 2957 4271 nostri
2987 4219 3232 4273 codicibus
3264 4218 3465 4281 dicitur,
3497 4220 3554 4270 in
3586 4227 3755 4271 nostro
3788 4218 3890 4269 eolo
3910 4217 4245 4270 desideratur.
4278 4219 4520 4271 lacunam
4552 4236 4656 4270 esee
4688 4219 4744 4269 iu

1156 4308 1326 4353 nomo
1357 4303 1561 4370 conjicio
1593 4311 1640 4356 et
1672 4304 1835 4357 locum
1868 4321 1958 4371 ope
1997 4305 2305 4357 Pari-ricmis
2333 4306 2490 4371 primi
2522 4305 2656 4357 hunc
2676 4308 2798 4373 fere
2829 4306 2888 4356 in
2918 4304 3119 4356 modum
3150 4306 3511 4358 restituendum
3544 4303 3731 4372 loseph
3763 4312 3937 4357 autem
3972 4312 4275 4372 perrexerat
4320 4306 4389 4357 ud
4424 4306 4738 4372 querendam

1159 4384 1505 4444 obstetricem.
1577 4393 1679 4456 Qui
1713 4408 1832 4443 cum
1865 4387 2106 4444 reuersus
2132 4388 2256 4444 effet
2289 4393 2355 4444 ad
2391 4388 2706 4459 speluncam.
2741 4388 3016 4445 inueuieus
3042 4392 3264 4444 Mariam
3301 4409 3419 4444 cum
3455 4394 3655 4444 infante
3690 4407 3844 4457 quem
3867 4397 4139 4459 genuerat.
4176 4391 4308 4444 dixit
4342 4393 4411 4444 ad
4433 4408 4566 4444 eam.

1163 4473 1282 4538 176)
1316 4475 1399 4527 De
1430 4476 1631 4529 nomine
1654 4477 1863 4544 primae
1896 4477 2164 4530 obstetricis
2195 4477 2437 4531 &aerario
2470 4486 2559 4532 eet.
2592 4495 2706 4529 cum
2739 4485 2910 4529 nostro
2942 4478 3176 4546 congruit
3196 4479 3505 4531 Paridem&
3537 4479 3668 4530 alter
3684 4477 3911 4538 Zaelem,
3945 4484 4002 4527 ut
4022 4476 4238 4539 videtur,
4272 4478 4524 4530 eoekibem.
4572 4479 4742 4531 Paria.

1154 4560 1355 4629 primm
1386 4562 1534 4614 habet
1566 4564 1762 4615 Zelemi
1796 4571 1843 4615 et
1873 4564 1991 4615 item
2006 4564 2318 4616 Hrodevitha
2339 4563 2446 4616 elv.
2470 4565 2560 4625 in„
2610 4564 2823 4616 Venetus
2845 4572 2890 4615 et
2909 4564 3075 4618 Laur.
3091 4565 3339 4631 praebent
3357 4565 3572 4627 Zelomi‚
3601 4563 3863 4617 Ouonradi
3882 4564 4123 4615 carminis
4143 4564 4297 4616 codex
4328 4563 4535 4618 Vindob.
4555 4561 4638 4626 76,
4655 4563 4740 4619 38.

1161 4648 1246 4712 77,
1262 4649 1314 4701 4.
1331 4645 1414 4702 68.
1442 4645 1611 4712 78‚25
1647 4650 1846 4702 Zeloni.
1915 4652 2218 4703 Wernlterus
2252 4651 2449 4703 Rachel
2474 4650 2677 4717 primae
2711 4651 2958 4703 obstetriei
2987 4668 3168 4702 nomen
3186 4652 3358 4719 sicine
3390 4651 3507 4702 dicit
3540 4650 3644 4716 (ed.
3679 4649 3867 4715 Hqffm.
3899 4644 4085 4712 196,5,
4120 4650 4198 4701 ed.
4236 4649 4373 4719 Feifi
4393 4648 4579 4715 3353),
4619 4651 4741 4702 Phi-

1160 4732 1331 4802 lippus
1363 4731 1501 4789 2161
1536 4736 1734 4789 Rache.
1770 4744 1984 4789 ceterum
2016 4737 2116 4789 vid.
2152 4738 2321 4789 adnot.
2359 4733 2475 4789 122.
2669 4736 2789 4803 176)
2825 4743 2997 4788 autem
3033 4737 3142 4788 alia
3176 4746 3234 4787 ut
3265 4738 3463 4789 videtur
3496 4753 3655 4788 manu
3687 4735 3909 4802 margini
3943 4735 4204 4802 adiectum.
4395 4735 4518 4795 177)
4569 4739 4740 4790 Wern·

1159 4820 1315 4874 herus
1346 4837 1503 4889 quwm
1537 4821 1767 4875 Mariam
1797 4822 1962 4890 ipsam
1993 4822 2284 4876 euadentem
2313 4823 2483 4891 fingat
2522 4831 2577 4873 ut
2609 4822 2858 4889 Joaephm
2892 4822 3168 4876 obstetrices
3212 4830 3431 4875 arceeaat
3476 4817 3618 4886 (196,
3650 4818 3685 4873 2
3725 4817 3807 4874 sie
3850 4823 4012 4888 gebdt
4051 4822 4168 4874 dem
4211 4838 4333 4874 man
4378 4824 4597 4875 zehante
4643 4825 4742 4876 daz

1166 4924 1223 4959 er
1256 4904 1411 4960 sinen
1444 4909 1550 4961 vliz
1585 4916 1760 4962 wante
1793 4909 2134 4961 heveammen
2168 4926 2231 4961 ze
2265 4910 2505 4976 bringeri.
2546 4906 2661 4972 197,
2684 4909 2719 4961 5
2753 4910 2912 4961 liebiu
2946 4910 3144 4960 frouwe
3179 4910 3307 4972 min,
3341 4909 3425 4961 ich
3463 4909 3567 4960 hau
3592 4909 3751 4974 getan
3776 4908 3877 4960 deu
3900 4909 4075 4960 willeu
4099 4909 4227 4972 diu),
4262 4909 4351 4959 hoc
4383 4910 4486 4960 loco
4520 4910 4743 4961 studium

1163 4994 1336 5045 mariti
1365 4994 1609 5048 ridentem
1640 5012 1745 5048 mm
1763 4995 1903 5063 facit
1935 4994 2024 5045 sed
2056 4995 2221 5046 statim
2256 4995 2597 5047 exhortantem
2630 5003 2688 5046 ut
2711 4996 2977 5047 arcessitae
3007 4995 3293 5047 introducat
3321 4992 3435 5058 197,
3466 4993 3529 5047 10
3551 5007 3654 5058 sqq.
3794 4991 3915 5059 178)
3940 5010 4221 5062 numquam
4244 4996 4330 5047 eie.
4349 4996 4449 5047 vid.
4469 4996 4639 5049 adnot.
4662 4996 4743 5050 18.

1371 5081 1493 5148 179)
1526 5084 1564 5136 i.
1597 5099 1642 5134 e.
1683 5081 1898 5132 arom,-
1939 5081 2053 5132 Gott
2085 5082 2316 5134 erbarme
2348 5080 2492 5132 diem
2541 5081 2640 5132 Bis
2671 5081 2796 5147 βακε
2835 5082 2926 5133 hat
2968 5099 3090 5133 man
3121 5081 3249 5133 noch
3279 5081 3364 5133 πίε
3404 5080 3570 5132 wedaer
3603 5079 3772 5132 arhart
3803 5081 3931 5133 noch
3964 5081 4073 5134 eine
4106 5081 4330 5149 Ahnunq
4363 5082 4531 5135 daven
4561 5084 4742 5152 ,qehabt

1160 5168 1283 5220 dau
1316 5175 1402 5220 etc.
1610 5165 1735 5230 180)
1772 5167 1918 5220 Inter
1951 5167 2125 5219 literae
2158 5185 2197 5235 g
2229 5175 2278 5219 et
2311 5169 2329 5218 i
2364 5167 2502 5219 verbi
2533 5164 2771 5234 sangnis
2797 5168 2947 5220 litera
2979 5186 3015 5220 v
3050 5168 3160 5219 alia
3192 5184 3351 5236 eaque
3385 5175 3442 5218 ut
3474 5167 3673 5219 videtur
3704 5168 3974 5220 reeeruiore
4007 5184 4162 5219 manu
4196 5168 4552 5236 superscripta.
