5242 6280
2861 729 2967 797 38

1122 933 1339 1016 pueri!
1381 940 1444 998 et
1491 952 1630 999 cum
1676 935 1876 1000 maria
1921 952 2045 999 una
2090 934 2301 1014 puella
2345 934 2465 999 iter
2510 936 2779 1018 agentes.
2869 935 2954 1000 Et
2997 952 3141 1000 ecce
3187 932 3386 998 subito
3431 930 3658 1013 egressi
3705 936 3853 997 sunt
3897 930 3975 995 de
4018 930 4306 1012 spelunca
4338 928 4521 993 multi
4569 927 4711 991 dra-

1121 1053 1337 1121 cones!
1379 1072 1536 1136 quos
1582 1055 1761 1135 pueri
1804 1053 2096 1119 uidentes
2127 1072 2242 1134 pre
2285 1054 2508 1121 timore
2554 1057 3084 1124 exclamauerunt.
3173 1052 3344 1131 Quos
3378 1051 3601 1118 uidens
3634 1049 3797 1116 iesus
3830 1067 3971 1116 cum
4014 1049 4289 1114 nondum
4335 1047 4485 1113 esset
4527 1047 4710 1112 binu-

1119 1174 1219 1240 lus
1232 1173 1345 1250 ²²⁰)
1391 1173 1654 1239 excussit
1696 1173 1756 1238 se
1799 1173 1877 1239 de
1921 1174 2156 1256 gremio
2199 1174 2428 1240 matris.
2473 1179 2538 1241 et
2580 1174 2749 1241 stans
2781 1175 2844 1240 in
2887 1174 3155 1258 pedibus
3188 1172 3328 1239 suis.
3383 1171 3558 1239 stetit
3609 1176 3758 1236 ante
3805 1167 3921 1235 eos.
4009 1168 4112 1234 Illi
4156 1176 4367 1234 autem
4413 1166 4722 1232 dracones

1106 1293 1407 1360 ‘uidentes
1438 1298 1584 1359 eum
1626 1293 2091 1359 adorauerunt!
2134 1298 2201 1358 et
2242 1310 2383 1359 cum
2428 1294 2781 1361 adorassent
2823 1314 2969 1361 eum
3011 1295 3187 1361 abire
3221 1296 3539 1375 ceperunt.
3606 1289 3781 1356 Iesus
3813 1306 3964 1354 uero
4008 1286 4353 1354 infantulus
4385 1288 4476 1353 ita
4521 1291 4593 1349 ut
4605 1284 4657 1320 ²²
4668 1286 4713 1364 ¹)

972 1433 1083 1487 27r.
1118 1419 1299 1481 erat!
1356 1413 1523 1497 cepit
1574 1414 1671 1480 ire
1723 1431 1864 1479 cum
1909 1412 2031 1478 eis!
2086 1418 2157 1478 ut
2209 1413 2450 1478 nullum
2504 1420 2846 1496 grauarent
2899 1432 3017 1481 nec
3052 1416 3065 1497 Ι
3101 1413 3406 1480 lederent.
3493 1411 3699 1477 Maria
3753 1414 3965 1474 autem
4020 1412 4087 1473 et
4138 1406 4359 1489 ioseph
4411 1405 4715 1472 timentes.

1119 1534 1412 1601 dicebant
1454 1534 1621 1600 inter
1664 1532 1744 1599 se.
1834 1532 2063 1598 Melius
2095 1532 2183 1598 est
2227 1537 2298 1598 ut
2340 1534 2455 1599 nos
2487 1533 2869 1601 interficiant
2910 1534 3008 1600 isti
3050 1532 3355 1601 dracones
3389 1547 3576 1609 quam
3619 1527 3923 1596 infantem
3967 1528 4198 1594 ledant.
4290 1524 4532 1603 Quibus
4563 1524 4727 1588 iesus

1116 1654 1225 1720 ait.
1312 1653 1525 1720 Nolite
1568 1671 1668 1719 me
1711 1651 2104 1719 considerare
2149 1653 2299 1734 quia
2339 1651 2688 1720 infantulus
2719 1653 2867 1720 sum.
2957 1655 3093 1737 Ego
3147 1653 3314 1721 enim
3357 1651 3594 1732 semper
3651 1651 3750 1715 uir
3806 1647 4120 1732 perfectus
4162 1645 4255 1712 fui
4309 1652 4377 1711 et
4430 1643 4598 1708 sum!
4654 1648 4719 1708 et

803 1774 952 1843 [Cap-
977 1774 1080 1844 19.]
1112 1773 1350 1859 necesse
1393 1772 1481 1838 est
1521 1778 1595 1837 ut
1636 1773 1844 1838 omnia
1883 1791 2116 1855 genera
2158 1770 2432 1839 ferarum
2487 1774 2906 1841 mansuescere
2948 1773 3193 1842 faciam.
3217 1773 3325 1850 ²²²)
3416 1769 3720 1836 Similiter
3762 1775 3973 1835 autem
4026 1767 4240 1833 leones
4282 1769 4349 1831 et
4392 1763 4591 1847 pardi.
4651 1770 4718 1826 et

1113 1895 1295 1960 uaria
1336 1912 1567 1976 genera
1615 1891 1891 1958 ferarum
1944 1894 2221 1974 undique
2274 1894 2600 1960 uenientes
2643 1895 2992 1962 adorabant
3044 1913 3206 1962 eum.
3259 1898 3325 1959 et
3367 1888 3828 1957 comitabantur
3885 1907 4026 1955 cum
4085 1906 4161 1954 eo
4217 1906 4332 1969 per
4389 1883 4718 1949 desertum.

1116 2031 1485 2096 quocunque
1528 2011 1664 2077 ibat
1706 2013 1907 2078 maria
1949 2021 2015 2079 et
2056 2014 2317 2096 ioseph!
2359 2021 2550 2096 atque
2594 2020 2741 2080 ante
2785 2015 3091 2083 cedebant
3134 2013 3244 2081 eos
3275 2010 3672 2079 ostendentes
3704 2010 3916 2075 uiam!
3974 2014 4040 2075 et
4083 2007 4440 2089 obsequium
4485 2002 4719 2069 facien-

1115 2133 1215 2199 tes
1244 2132 1629 2199 inclinabant
1682 2134 1892 2214 capita
1945 2133 2070 2198 sua.
2139 2135 2399 2201 immani
2455 2154 2598 2201 cum
2655 2134 3055 2200 reuerentia!
3119 2132 3561 2213 seruitiumque
3616 2129 3834 2195 caudis
3880 2127 4282 2194 adulantibus
4323 2124 4715 2192 exhibebant.

956 2254 1078 2311 Ἦν.
1115 2252 1326 2318 Primo
1370 2258 1582 2318 autem
1626 2253 1728 2319 die
1765 2252 1777 2334 1
1816 2258 1887 2319 ut
1929 2254 2092 2319 uidit
2132 2257 2333 2320 maria
2376 2256 2590 2322 leones
2631 2256 2797 2322 circa
2850 2255 2910 2320 se
2969 2252 3295 2321 uenientes
3340 2260 3406 2318 et
3455 2250 3690 2334 pardos
3720 2256 3798 2329 „et
3852 2250 4029 2315 uaria
4086 2248 4362 2314 ferarum
4406 2242 4720 2311 monstra!

1118 2373 1523 2438 uehementer
1567 2374 1845 2454 expauit.
1934 2374 2007 2439 In
2053 2375 2232 2440 cuius
2262 2374 2486 2442 faciem
2528 2375 2738 2441 infans
2769 2375 2930 2441 iesus
2961 2371 3256 2441 subrisit!
3313 2378 3380 2438 et
3421 2368 3858 2437 consolationis
3889 2387 4028 2435 eam
4070 2386 4227 2433 uoce
4271 2364 4594 2448 alloquens
4605 2363 4716 2439 ²²⁸)

1120 2491 1296 2557 dixit.
1384 2490 1527 2558 Noli
1570 2493 1794 2559 timere
1838 2494 2083 2559 mater!
2126 2514 2247 2561 non
2293 2497 2460 2561 enim
2504 2496 2585 2561 ad
2630 2502 2804 2561 tuam
2847 2494 3158 2560 iniuriam.
3217 2494 3317 2559 sed
3362 2493 3443 2558 ad
3488 2491 3850 2574 obsequium
3895 2495 4073 2554 tuum
4116 2487 4426 2554 festinant.
4503 2485 4585 2549 Et
4631 2484 4728 2548 his

1041 2674 1054 2685 ,
1120 2612 1332 2677 dictis!
1374 2614 1732 2694 amputauit
1774 2614 2063 2680 timorem
2109 2615 2315 2680 cordis
2347 2633 2581 2681 eorum.
2670 2613 3098 2680 Ambulabant
3151 2632 3302 2696 ergo
3345 2612 3532 2678 simul
3588 2608 3803 2678 leones
3809 2615 3831 2657 s
3886 2614 3954 2675 et
4004 2608 4165 2675 asini
4190 2613 4207 2643 ¹
4261 2613 4328 2673 et
4369 2605 4564 2672 boues
4575 2613 4592 2641 ¹
4650 2610 4716 2668 et

1121 2732 1455 2814 saugmarii
1479 2742 1497 2777 Ι
1519 2733 1631 2809 ²²⁴)
1677 2734 1784 2815 qui
1830 2733 1920 2799 eis
1965 2733 2304 2815 portabant
2345 2734 2725 2800 necess'aria!
2778 2741 2843 2800 et
2887 2733 3071 2799 simul
3127 2734 3237 2799 ubi
3280 2732 3520 2799 mansio
3564 2731 3732 2798 facta
3774 2729 3936 2796 ess'et
3993 2730 4075 2795 ad
4119 2728 4416 2810 pabulum
4461 2727 4714 2792 accede-

1121 2852 1294 2919 bant.
1382 2853 1585 2919 Erant
1627 2854 1818 2919 etiam
1862 2852 2169 2919 mansueti
2212 2854 2447 2919 arietes
2477 2855 2587 2936 qui
2629 2854 2816 2920 simul
2863 2855 2942 2921 de
2984 2855 3176 2920 iudea
3208 2855 3494 2919 exierant
3536 2859 3603 2918 et
3630 2848 4084 2932 sequebantur!
4127 2850 4236 2931 qui
4278 2854 4344 2914 et
4385 2847 4505 2930 ipsi
4551 2849 4715 2913 inter

973 2973 1085 3029 28r·
1118 2971 1333 3038 leones
1365 2971 1775 3038 ambulabant
1816 2971 1951 3038 sine
1982 2971 2335 3041 formidine.
2406 2973 2549 3040 Non
2593 2975 2858 3041 timebat
2898 2974 3062 3040 ullus
3094 2974 3307 3039 ullvm.
3347 2973 3358 3054 Ι
3396 2980 3464 3038 et
3488 2970 3700 3038 nullus
3734 2968 3815 3036 ab
3845 2970 3974 3036 ullo
4016 2970 4349 3036 ledebatur
4388 2971 4453 3034 in
4484 2969 4714 3050 aliquo.

1122 3092 1298 3159 Tunc
1351 3092 1762 3175 adimpletum
1817 3094 1907 3160 est
1961 3094 2128 3176 quod
2183 3093 2395 3178 esayas
2441 3095 2548 3162 ait.
2648 3094 2811 3177 Lupi
2877 3112 3017 3161 cum
3077 3094 3257 3176 agnis
3299 3091 3671 3176 pascentur!
3734 3095 3801 3159 et
3859 3090 3958 3157 leo
4016 3094 4083 3157 et
4135 3089 4250 3157 bos
4293 3089 4476 3155 simul
4528 3089 4726 3172 paleis

1120 3213 1445 3279 uescentur
1466 3213 1598 3290 ²²⁵).
1618 3261 1634 3280 .
1689 3213 1891 3281 Erant
1933 3215 2100 3280 enim
2143 3214 2268 3280 duo
2311 3215 2509 3281 boues
2549 3216 2614 3282 in
2659 3216 2885 3282 itinere
2943 3233 3176 3281 eorum.
3233 3213 3539 3297 sagmarii.
3597 3230 3753 3295 quos
3797 3210 4155 3294 dirigebant
4195 3210 4411 3276 leones
4451 3229 4563 3292 per
4606 3211 4714 3274 de-

810 3334 957 3405 lfflp·
977 3334 1082 3403 2⁰4
1120 3333 1349 3398 sertum
1392 3334 1458 3399 in
1486 3334 1713 3400 itinere
1744 3333 1979 3401 domini
2024 3332 2214 3399 nostri
2255 3334 2382 3400 iesu
2411 3311 2638 3402 christi.
2682 3336 2860 3403 cuius
2890 3335 3228 3401 necessaria
3267 3334 3620 3416 portabant.
3666 3337 3732 3398 et
3761 3331 4276 3414 obsequebantur.
4291 3331 4399 3409 ²²⁶)
4456 3331 4714 3395 Factum

1123 3451 1212 3517 est
1253 3459 1465 3519 autem
1510 3454 1645 3537 post
1687 3456 1806 3536 hec
1852 3456 1954 3521 die
1998 3456 2196 3521 tercia
2237 3453 2644 3536 profectionis
2675 3456 2797 3536 sue.
2856 3461 2928 3521 ut
2969 3457 3171 3520 maria
3214 3455 3407 3520 nimio
3462 3452 3604 3519 solis
3636 3453 3862 3518 ardore
3905 3450 4280 3533 fatigaretur
4332 3451 4399 3515 in
4441 3450 4712 3516 heremo.

1118 3573 1205 3637 Et
1247 3574 1468 3639 uidens
1502 3574 1791 3641 arborem
1836 3575 2187 3657 palmarum
2202 3574 2312 3656 ²²⁷)
2357 3576 2515 3657 mire
2557 3575 3044 3658 pulchritudinis
3076 3582 3140 3641 et
3185 3573 3545 3641 altitudinis.
3591 3591 3666 3638 ac
3708 3572 3815 3638 sub
3849 3572 4072 3637 umbra
4100 3571 4236 3637 eius
4254 3571 4711 3652 aliquantulum

962 3696 1082 3750 28v.
1119 3693 1337 3760 uolens
1371 3694 1699 3775 quiescere.
1745 3692 2043 3761 festinans
2090 3695 2307 3776 ioseph
2353 3696 2649 3777 perduxit
2691 3714 2830 3761 eam
2875 3696 2954 3761 ad
2999 3695 3272 3777 palmam
3319 3700 3385 3759 et
3413 3693 3784 3760 descendere
3828 3691 3977 3758 fecit
4020 3692 4098 3757 de
4141 3692 4437 3757 iumento,
4477 3690 4489 3773 Ι
4528 3690 4713 3754 Gum-

1319 3985 1446 4052 220)
1480 3986 1689 4040 binulus
1727 3990 1798 4040 sic
1843 3989 2014 4041 codex.
2065 4005 2190 4041 vera
2231 3989 2386 4057 hujus
2420 3991 2650 4042 vocabuli
2691 3993 2862 4054 forma
2904 3991 3130 4042 bimulus
3175 4006 3334 4041 manu
3368 3986 3554 4042 aec.15
3589 3988 3811 4056 maryc‘m'
3856 3986 4132 4053 adem-ipta.
4372 3983 4499 4045 221)
4541 3994 4602 4038 ut
4643 3987 4716 4036 ita

1116 4074 1388 4141 δαήμεναι
1421 4074 1682 4127 librarius.
1706 4074 1905 4140 juetam
1939 4074 2166 4126 ordinem
2200 4077 2302 4128 eive
2334 4077 2443 4142 ipse
2476 4077 2577 4129 sive
2610 4085 2857 4129 corrector
2889 4075 3113 4143 ejusdem
3144 4075 3378 4142 temporie
3412 4076 3571 4127 literis
3603 4074 3931 4142 superpositis
3962 4073 4219 4125 indicavit.
4399 4068 4527 4128 222)
4574 4072 4716 4134 Quae

1117 4162 1197 4212 hic
1228 4168 1451 4213 narrata
1484 4169 1605 4212 sunt
1638 4161 1702 4212 de
1725 4160 2030 4212 draconibus
2052 4161 2229 4212 Jecum
2254 4179 2479 4228 puerum
2512 4164 2845 4228 adoram-ibus
2879 4171 2998 4215 sum
3029 4163 3089 4215 in
3104 4160 3444 4213 Hrodwithae
3476 4160 3688 4212 historia
3721 4161 3894 4211 beatae
3927 4160 4139 4228 virginis
4172 4160 4280 4214 ε2υ.
4310 4177 4363 4225 p.
4385 4161 4513 4212 med.
4538 4173 4627 4223 σᾳ,
4663 4163 4719 4212 in

1122 4247 1384 4300 otwnradi
1414 4247 1637 4299 camnine
1669 4247 1733 4298 de
1765 4246 1994 4313 cusantia
2015 4246 2167 4298 Jeme
2189 4245 2275 4311 82,
2298 4247 2521 4316 65—83,
2537 4248 2608 4302 28
2627 4264 2694 4299 =
2714 4250 3003 4302 Paccianae.
3025 4249 3111 4311 28,
3130 4245 3352 4310 64-29,
3377 4245 3456 4312 19,
3491 4246 3635 4313 apud
3653 4247 3950 4313 Philippum
3974 4246 4333 4298 Canusianum
4348 4243 4712 4308 2830—2907,

1117 4335 1259 4400 apud
1309 4334 1619 4386 Waltlzerum
1654 4333 1869 4385 Reinav.
1891 4329 1973 4395 72,
1991 4329 2216 4386 31—46.
2488 4331 2615 4401 223)
2669 4335 2807 4387 Vocis
2842 4333 3123 4403 alloquens
3150 4333 3302 4387 litera
3336 4350 3370 4384 n
3399 4333 3574 4400 prima
3606 4341 3664 4384 ut
3695 4332 3893 4384 videtur
3926 4349 4087 4383 manu
4119 4332 4477 4399 superscripta.

1114 4417 1242 4475 224)
1276 4417 1606 4487 saugmariue
1626 4422 1811 4489 forma
1844 4438 1977 4471 rara
2001 4437 2105 4486 pro
2138 4419 2329 4471 usitata
2362 4416 2672 4488 sagmarius,
2706 4439 2839 4490 quae
2869 4422 3030 4489 paulo
3062 4423 3211 4490 infra
3244 4420 3460 4473 occurrit
3494 4420 3618 4487 (quo
3650 4420 3764 4493 loco*
3787 4435 3948 4470 mana
3980 4419 4253 4470 recentiore
4278 4425 4394 4485 poet
4424 4418 4646 4485 pn‘orem
4681 4435 4715 4469 a

1114 4506 1267 4557 litera
1299 4523 1335 4557 v
1368 4506 1712 4572 superem-ipta
1746 4505 1859 4569 est).
1912 4522 1976 4557 ea:
2009 4521 2233 4558 eernione
2280 4514 2326 4556 et
2350 4507 2778 4572 pronaeae-'atione
2810 4509 3015 4577 vulgari
3058 4525 3171 4560 eam
3188 4508 3409 4575 fluoeieae
3433 4515 3578 4574 pato.
3627 4515 3801 4557 notum
3843 4513 3915 4557 eet
3961 4522 3989 4557 e
4017 4505 4402 4573 macco-latino
4436 4501 4617 4573 sagma
4659 4505 4715 4554 in

1116 4593 1297 4659 Ζιπφια
1328 4592 1564 4644 εήεοίἰεεα
1585 4594 1791 4661 sactum
1826 4608 1931 4643 ease
1964 4588 2110 4644 saum
2144 4591 2223 4642 vel
2254 4588 2398 4644 soum
2435 4594 2605 4645 eodem
2638 4596 2783 4647 niodo
2827 4612 2926 4662 quo
2967 4596 3183 4663 geticum
3224 4596 3409 4661 bagms
3452 4595 3511 4646 in
3541 4593 3828 4645 theoni-somn
3861 4593 4036 4654 baum,
4073 4593 4245 4654 boum,
4278 4607 4437 4658 poum
4471 4598 4717 4641 mutatum

1117 4686 1206 4730 est.
1257 4693 1354 4729 voa·
1387 4678 1595 4746 linguae
1627 4677 1820 4729 latinae
1853 4669 2145 4745 sagmariua'
2175 4679 2379 4730 transiit
2411 4680 2555 4745 apud
2586 4681 2840 4733 theotiscos
2872 4683 2930 4733 in
2962 4678 3215 4746 saumari,
3261 4677 3508 4745 soumari,
3541 4677 3821 4744 soumaere,
3854 4685 4083 4731 nostram
4119 4677 4365 4741 Suumer,
4400 4677 4530 4728 idem
4563 4677 4717 4743 siqni-

1114 4765 1276 4828 ficam
1309 4764 1445 4832 quod
1478 4765 1752 4817 Saumtier.
1803 4760 2096 4831 sag-marius
2139 4774 2212 4817 est
2232 4766 2521 4831 jammam
2551 4767 2918 4831 oarcinarium,
2964 4767 3067 4818 eive
3105 4784 3265 4834 equus
3303 4767 3406 4819 eive
3446 4766 3616 4817 muana
3659 4764 3761 4817 eive
3806 4766 3998 4816 asiam.
4221 4760 4347 4829 225)
4399 4762 4562 4814 Verba
4595 4763 4720 4814 haec
4776 4833 4780 4836 v

1118 4852 1312 4902 Esaiae
1340 4850 1619 4918 prophetae
1641 4847 1729 4912 65,
1755 4848 1824 4902 25
1866 4868 1970 4902 non
2014 4860 2297 4919 cmiyruunt
2334 4869 2447 4903 mm
2479 4854 2643 4906 verbis
2676 4853 2917 4906 versionis
2949 4855 3209 4920 mdqatae,
3256 4853 3346 4904 ula·
3377 4859 3448 4904 eet
3480 4853 3637 4917 lupus
3671 4858 3725 4904 et
3756 4868 3929 4920 agnus
3962 4848 4239 4918 pascentur
4272 4845 4425 4902 simul
4459 4855 4512 4901 et
4544 4850 4626 4900 leo
4665 4857 4720 4901 et

1121 4940 1218 4990 bos
1251 4938 1525 4990 comedent
1555 4937 1753 5004 paleas.
1819 4938 1888 5004 qt‘.
1922 4938 2291 5003 Hieronymum
2322 4940 2380 4990 in
2412 4956 2581 4991 comm.
2617 4941 2697 4993 ed.
2747 4940 2968 4992 Vallare.
3004 4943 3056 5003 4,
3082 4939 3200 4994 794.
3380 4934 3509 5004 226)
3555 4937 3699 5001 Quae
3733 4938 3823 4989 hoc
3854 4937 4015 5005 capite
4049 4943 4272 4989 narrata
4304 4942 4422 4986 sunt
4453 4934 4517 4985 de
4551 4934 4718 4987 bestiis

1106 5023 1248 5090 serie
1272 5039 1497 5089 puerum
1530 5021 1861 5074 adorantibus
1894 5029 1941 5072 et
1973 5039 2085 5073 eam
2117 5025 2392 5076 mansuetis
2425 5027 2831 5079 cmoeuetudnaem
2863 5027 3162 5079 habentibus
3194 5025 3347 5077 habea
3379 5024 3436 5075 in
3463 5024 3804 5077 Hrodevithae
3836 5025 4060 5077 carmine
4081 5025 4185 5092 sol.
4220 5025 4346 5082 e3r.,
4382 5021 4524 5087 apud
4551 5021 4716 5073 C‘uon-

1120 5110 1309 5160 wdwm
1331 5102 1659 5172 83‚29—66
1693 5121 1762 5157 =
1801 5108 2090 5159 Passionaz.
2124 5106 2212 5170 29,
2247 5105 2471 5173 20-71,
2506 5113 2650 5178 apud
2686 5113 2982 5180 Philippum
3014 5109 3375 5175 eoos—2929,
3409 5112 3552 5178 apud
3601 5112 3911 5164 Waltheram
3936 5109 4026 5176 72,
4052 5109 4272 5170 47-73,
4296 5105 4381 5162 26.
4585 5107 4716 5169 227)

1122 5196 1413 5260 palmarum
1450 5203 1521 5246 eet
1558 5194 1612 5245 ἱη
1645 5194 1824 5246 codice.
1877 5194 1966 5246 aed
1999 5195 2181 5246 literae
2202 5212 2367 5263 arum,
2404 5215 2625 5264 quarum
2642 5200 2816 5266 prima
2848 5200 2906 5250 in
2937 5216 3131 5250 rasura
3166 5207 3253 5261 eat,
3288 5200 3397 5250 alia
3436 5208 3491 5250 ut
3513 5199 3713 5252 videtur
3734 5215 3892 5251 manu
3915 5199 4136 5264 ejusdem
4158 5196 4391 5262 temporie
4415 5196 4717 5262 adscriptae.

1122 5281 1393 5347 scripserat
1427 5281 1671 5333 librarius
1704 5281 1898 5346 palme,
1947 5281 2082 5347 quod
2114 5289 2160 5332 et
2210 5283 2482 5337 Vaticanus
2518 5294 2562 5336 et
2614 5285 2896 5337 Vincentius
2929 5285 3121 5337 Bellon.
3160 5284 3190 5335 l.
3228 5301 3270 5336 c.
3306 5300 3418 5351 cap.
3437 5281 3505 5339 94
3532 5286 3798 5352 praebent.
