5242 6280
499 1612 797 1739 Cogitatio
835 1674 1118 1738 hominum,
1152 1691 1310 1743 quum
1347 1678 1405 1729 in
1441 1676 1596 1729 rebus
1629 1674 1891 1745 fingendis
1939 1691 2146 1743 semper
2191 1676 2350 1729 valde
2396 1676 2580 1744 agilis,
2634 1681 2743 1728 tum
2788 1678 2841 1728 in
2889 1675 3080 1728 fabulis
3118 1676 3305 1742 quibus
3342 1676 3557 1728 heroum
3602 1675 3743 1726 vitae
3776 1674 4085 1742 amplificari

501 1760 678 1811 solent
711 1760 967 1827 augendis
1003 1761 1343 1814 extendendis
1379 1763 1627 1814 ornandis
1664 1764 1800 1814 inter
1835 1778 1892 1814 se
1927 1762 2308 1830 conjungendis
2343 1769 2397 1815 et
2430 1762 2500 1814 ad
2532 1779 2723 1814 causas
2759 1762 3052 1815 referendis
3075 1748 3433 1825 solertissima,
3465 1764 3523 1812 in
3545 1761 3657 1812 vita
3680 1774 3888 1827 quoque
3910 1761 4083 1812 herois

496 1847 587 1909 qui
626 1861 856 1912 unquam
894 1847 1094 1898 exstitit
1127 1849 1341 1899 maximi
1375 1848 1668 1900 enarranda
1701 1850 1808 1900 vim
1845 1864 1994 1900 suam
2029 1857 2189 1915 atque
2222 1848 2522 1900 libertatem
2560 1849 2858 1915 explicavit.
2894 1850 3108 1900 minime
3142 1848 3278 1898 enim
3315 1847 3410 1898 illa
3443 1850 3690 1898 contenta
3721 1845 3825 1896 fuit
3857 1847 3923 1898 iis
3948 1851 4086 1912 qu'ae

499 1932 590 1997 qui
624 1934 725 1998 ipsi
760 1931 1005 1984 viderunt
1039 1933 1307 2000 rebusque
1340 1933 1691 1986 iuterfuerunt
1725 1932 1957 1999 ejusdem
2005 1940 2059 1986 et
2090 1936 2360 1999 proximae
2395 1933 2584 1986 aetatis
2620 1938 2782 1985 testes
2817 1935 2967 1999 quasi
3001 1948 3109 1984 uno
3144 1947 3234 1983 ore
3268 1931 3660 1984 affirmaverunt
3703 1937 3757 1983 et
3799 1932 3853 1982 iu
3888 1934 4086 1997 scripta

493 2033 621 2080 sua,
682 2033 817 2083 quae
852 2022 1042 2083 postea
1076 2019 1354 2086 evangelia
1388 2020 1644 2071 canonica
1678 2020 2033 2084 vocabantur,
2083 2024 2421 2085 receperuut3
2476 2017 2571 2071 sed
2614 2034 2772 2086 quum
2819 2020 2875 2070 in
2919 2016 3174 2070 relatione
3220 2018 3405 2069 horum
3440 2015 3829 2083 evangeliorum
3865 2017 4087 2068 lacunae

494 2100 754 2167 quaedam
790 2103 964 2154 inesse
1007 2105 1292 2170 (pertinent
1325 2104 1431 2157 hae
1476 2106 1713 2171 inprimis
1757 2103 1827 2156 ad
1871 2119 1957 2156 res
1992 2104 2270 2156 salvatoris
2305 2103 2595 2170 gentilitias
2644 2104 2912 2156 natalitiae
2961 2103 3190 2170 pueriles
3243 2118 3343 2154 nec
3385 2117 3489 2153 non
3532 2100 3601 2154 ad
3643 2103 3933 2154 novissima
3974 2101 4086 2167 ejus

496 2187 630 2244 fata)
665 2202 864 2254 eaeque
900 2204 986 2240 res
1020 2204 1055 2240 a
1087 2190 1430 2254 scriptoribus
1466 2190 1704 2242 consulto
1739 2191 2142 2256 praetermissae
2175 2188 2497 2253 viderentur,
2530 2189 2727 2243 fabulis
2763 2190 2900 2243 fictis
2936 2195 2992 2242 et
3025 2189 3261 2255 quusvis
3298 2188 3513 2255 generis
3546 2189 3852 2239 commentis
3886 2194 4087 2239 temere

500 2275 761 2325 contextis
804 2289 899 2340 pro
934 2289 1035 2326 sua
1067 2274 1393 2340 imaginandi
1435 2277 1490 2327 vi
1527 2275 1738 2343 explere
1774 2275 1988 2327 studuit.
2040 2274 2180 2341 quod
2216 2275 2329 2341 jam
2373 2276 2552 2342 primis
2597 2275 2924 2342 temporibus
2970 2273 3269 2326 christianis
3311 2274 3509 2323 factum
3557 2288 3675 2324 esse
3721 2288 3827 2324 non
3870 2273 4089 2339 negabit

501 2361 799 2426 quicunque
835 2359 1093 2426 quomodo
1131 2366 1185 2412 et
1216 2368 1501 2412 nascantur
1535 2367 1590 2412 et
1622 2366 1978 2428 propagentur
2012 2376 2186 2413 rerum
2224 2361 2434 2413 fabulae
2468 2363 2793 2429 cognoverit.
2847 2360 2951 2413 hae
2974 2359 3191 2414 fabulae
3226 2358 3291 2411 de
3310 2357 3521 2410 Christo
3544 2357 3808 2410 salvatore
3831 2358 4000 2421 fictae,
4035 2360 4091 2408 in

499 2460 591 2496 ore
624 2446 803 2511 populi
837 2446 1173 2498 circumlatae
1207 2452 1261 2497 et
1291 2451 1354 2497 ut
1386 2447 1445 2498 fit
1478 2453 1667 2499 auctae
1702 2453 1755 2499 et
1787 2448 2040 2511 variatae,
2075 2462 2195 2498 cum
2232 2448 2626 2499 narrationibus
2662 2449 2802 2499 veris
2835 2446 3044 2513 fideque
3079 2445 3255 2512 dignis
3289 2447 3484 2511 passim
3518 2445 3934 2506 contaminatae,
3979 2459 4086 2495 non

501 2531 616 2581 sine
652 2532 808 2583 certis
842 2527 1080 2582 consiliis
1115 2531 1184 2583 ad
1222 2533 1470 2599 dogmata
1505 2531 1761 2599 quaedam
1796 2532 2092 2600 probanda,
2144 2532 2307 2584 literis
2349 2531 2629 2586 mandatae
2675 2538 2813 2585 sunt.
2867 2533 3177 2584 exstiterunt
3219 2529 3323 2582 hoc
3366 2529 3520 2581 modo
3569 2529 3662 2581 illa
3708 2530 3903 2595 scripta
3948 2544 4085 2594 quae

492 2616 858 2681 evangelia
901 2618 1288 2683 apocrypha
1327 2618 1491 2687 vulgo
1533 2626 1807 2670 vocantur.
1863 2633 2039 2685 neque
2080 2633 2208 2670 vero
2249 2623 2425 2683 recte,
2476 2625 2537 2670 ut
2576 2619 2707 2671 mihi
2753 2616 2963 2685 quidem
3009 2615 3235 2668 videtur.
3292 2630 3413 2665 nam
3457 2627 3616 2679 quum
3668 2615 3949 2681 evangelia
3981 2615 4089 2666 sint

496 2703 853 2753 commentarii
887 2703 955 2754 ab
991 2703 1242 2769 apostolis
1275 2705 1406 2770 ipsis
1441 2705 1621 2771 scripti
1657 2702 1811 2769 (teste
1835 2705 2048 2757 Justiuo
2073 2703 2310 2770 Martyre
2342 2706 2397 2754 in
2428 2705 2570 2770 apol.
2597 2702 2647 2769 1,
2669 2700 2739 2758 66
2783 2704 2838 2756 οὗ
2884 2698 3168 2755 ἀπόστολοι
3204 2700 3265 2752 ἐν
3298 2701 3410 2759 τοῖς
3438 2700 3755 2768 γενομένοις
3787 2695 3876 2751 ὑπ’
3909 2697 4082 2751 αὐτῶν

498 2782 1062 2855 απομνημονεύμασιν
1096 2784 1132 2839 ἃ
1165 2789 1403 2842 καλεῖται
1435 2787 1768 2858 εὐαγγέλια),
1805 2789 1906 2841 hoc
1943 2790 2337 2858 evangehorum
2372 2791 2585 2844 nomine
2620 2806 2728 2843 non
2762 2790 2918 2842 decet
2950 2790 3127 2842 ornari
3160 2788 3356 2852 scripta
3389 2800 3555 2852 quae,
3592 2787 3925 2853 quantumvis
3961 2801 4088 2851 apo-

489 2873 741 2923 stolorum
794 2875 1007 2925 uomina
1048 2891 1174 2941 prae
1219 2893 1278 2929 se
1312 2877 1571 2939 ferentes,
1622 2882 1824 2927 tautum
1869 2876 2021 2928 abest
2062 2881 2125 2927 ut
2170 2876 2238 2928 ab
2280 2877 2412 2943 ipsis
2456 2876 2655 2929 fuerint
2698 2877 3015 2943 composita,
3066 2878 3127 2927 ut
3168 2874 3471 2925 commentis
3514 2875 3704 2936 partim
3747 2871 4088 2938 ineptissimis

497 2957 723 3009 refertae
758 2961 1090 3024 reperiantur
1163 2977 1270 3028 qua
1302 2967 1482 3014 tamen
1515 2977 1577 3014 re
1610 2963 1843 3014 virorum
1879 2962 2148 3013 doctorum
2184 2964 2349 3013 animi
2384 2963 2641 3015 deterreri
2674 2978 2781 3015 non
2814 2965 3100 3030 potuerunt
3134 2961 3260 3026 quin
3282 2959 3476 3010 acriter
3511 2956 3580 3008 ad
3614 2958 3737 3008 illas
3761 2958 4087 3008 narrationes

494 3043 913 3108 intenderentur,
959 3048 1155 3113 quippe
1189 3064 1327 3114 quae
1370 3047 1437 3099 ad
1470 3048 1891 3115 perspiciendam
1941 3052 2232 3112 temporum
2266 3047 2475 3099 illorum
2511 3049 2701 3114 quibus
2748 3054 2802 3099 et
2847 3047 3155 3113 prodierunt
3196 3050 3252 3096 et
3293 3045 3607 3111 placuerunt
3640 3048 3882 3094 naturam
3931 3047 4094 3107 atque

498 3129 746 3193 indolem,
782 3129 850 3183 ad
885 3130 1490 3202 historiamdogmatum
1526 3135 1719 3186 rituum
1755 3134 1946 3185 artium
1980 3133 2252 3184 literarum
2285 3133 2500 3185 maximi
2535 3134 2644 3185 sint
2675 3135 2942 3185 momenti.
2994 3147 3096 3185 nec
3136 3130 3306 3183 defuit
3339 3130 3503 3198 igitur
3547 3126 3628 3179 his
3666 3127 3874 3192 scriptis
3910 3126 4088 3178 docto·

498 3230 612 3266 rum
652 3217 919 3267 hominum
954 3232 1101 3280 cura,
1134 3233 1166 3269 e
1202 3234 1422 3284 quorum
1459 3235 1674 3272 numero
1710 3225 1819 3271 tres
1854 3220 2080 3270 maxime
2114 3219 2328 3271 elucent
2372 3217 2585 3286 (reliqui
2618 3236 2726 3273 non
2760 3218 3130 3272 contemnendi
3165 3214 3399 3283 quidem.
3457 3213 3552 3266 sed
3587 3212 3669 3263 his
3704 3214 3916 3263 minime
3949 3227 4087 3263 com-

493 3302 763 3368 parandi):
799 3302 886 3354 Jo.
922 3303 1026 3356 Alb
1077 3304 1456 3367 Fabricius,
1504 3307 1765 3373 gymnasii
1799 3304 2223 3371 Hamburgensis
2257 3305 2522 3371 quondam
2556 3311 2731 3358 rector
2765 3306 3109 3366 clarissimus,
3175 3303 3260 3353 vir
3294 3300 3494 3367 ingenii
3526 3298 3794 3351 doctrinae
3846 3304 3901 3349 et
3932 3297 4086 3348 indu·

492 3389 653 3439 striae
700 3388 945 3440 laudibus
987 3390 1432 3441 cumulatissimus
1444 3385 1472 3454 ⁸,
1515 3391 1603 3443 Jo.
1649 3389 1770 3442 Car.
1819 3390 2036 3453 Thilo,
2082 3392 2163 3442 vir
2204 3406 2436 3442 summae
2483 3399 2536 3444 et
2571 3393 2878 3444 eruditionis
2925 3397 2981 3443 et
3023 3389 3392 3451 humanitatis,
3438 3385 3798 3436 universitatis
3832 3379 4082 3435 Halensis

493 3475 667 3526 lumen
703 3475 965 3541 quondam
1000 3474 1497 3541 splendidissimum,
1533 3476 1712 3527 Const.
1749 3475 1945 3526 Tisch
1962 3491 2038 3527 en
2052 3474 2163 3527 dor
2175 3476 2216 3541 f,
2264 3476 2630 3541 theologorum
2662 3477 3015 3544 Lipsiensium
3051 3475 3240 3536 decus,
3288 3472 3378 3538 qni
3412 3486 3570 3536 quum
3607 3473 3661 3521 et
3692 3468 4076 3535 investigandis

496 3569 549 3612 et
583 3561 827 3613 eruendis
861 3562 1095 3613 fontibus
1130 3561 1297 3612 sacris
1331 3563 1697 3613 meritissimus
1729 3566 1842 3612 tum
1877 3562 2078 3627 optimo
2111 3561 2292 3614 codice
2332 3562 2390 3613 in
2423 3563 2593 3615 lucem
2630 3568 2890 3630 protracto
2926 3562 3159 3614 Sinaitae
3195 3571 3489 3626 cognomen
3523 3555 3713 3606 mereri
3746 3553 3979 3606 videtur.

703 3647 916 3713 Scripta
950 3644 1254 3715 apocrypha
1287 3662 1372 3698 res
1409 3646 1690 3700 salvatoris
1724 3646 2019 3715 gentilitias
2053 3647 2320 3700 natalitias
2354 3651 2586 3715 pueriles
2619 3648 2927 3711 tractantis,
2973 3661 3109 3714 quae
3153 3644 3362 3712 quidem
3405 3641 3679 3708 hucusque
3733 3640 4090 3700 innotuerunt,

493 3737 619 3784 sunt
650 3732 799 3784 haec.

700 3818 744 3871 Ι.
797 3810 1276 3887 Romuleum
1308 3811 1514 3881 hoelli.
1549 3818 1689 3885 quod
1723 3817 1892 3887 vulgo
1925 3821 2171 3883 vocatur,
2207 3834 2471 3886 graecum,
2504 3836 2539 3872 a
2575 3818 2826 3872 Gnostico
2863 3817 3085 3884 quodam
3122 3815 3411 3879 eodemque
3443 3813 3718 3865 Ebionaeo
3749 3810 3865 3879 jam
3897 3817 4093 3877 tempo·

499 3903 644 3954 ribus
679 3902 894 3955 secundi
928 3904 1041 3954 fere
1075 3905 1242 3956 seculi
1277 3906 1530 3971 scriptum
1567 3919 1702 3968 esse,
1736 3920 1844 3956 non
1877 3904 2032 3957 modo
2069 3904 2341 3972 Origenis,
2376 3906 2543 3958 seculi
2576 3906 2721 3957 tertii
2754 3904 3003 3964 auctoris,
3040 3902 3198 3954 immo
3237 3901 3396 3952 etiam
3432 3898 3721 3952 Clementis
3745 3897 4094 3949 Alexandrini

493 3989 734 4055 magistri
767 3988 912 4039 illius
947 3994 1003 4039 et
1022 3989 1222 4042 Just-ini
1243 3991 1509 4057 Martyris,
1543 3990 1635 4056 qui
1668 3990 1902 4042 secundo
1939 3991 2118 4043 seculo
2152 3991 2469 4056 floruerunt,
2517 3998 2572 4044 et
2594 3988 3175 4043 commemorationibus
3210 3991 3265 4037 et
3297 3986 3476 4037 verbis
3511 4001 3577 4036 ex
3611 3986 3703 4036 illo
3728 3983 3862 4036 libro
3886 3984 4090 4035 haustis

492 4072 658 4125 fultus
679 4072 1110 4126 Tiscbendorfius
1144 4077 1372 4143 probare
1406 4076 1637 4140 videtur3
1674 4079 1861 4141 quarto
1897 4077 2079 4127 seculo
2127 4079 2243 4129 sine
2278 4076 2437 4131 dubio
2480 4079 2750 4147 cognitum
2783 4076 2951 4127 fnisse
2994 4079 3050 4127 et
3084 4073 3330 4141 Gregorii
3361 4072 3591 4138 Nysseni
3625 4070 3683 4134 (†
3701 4066 3833 4126 394)
3877 4073 3931 4120 et
3963 4069 4089 4134 Epi·

495 4158 676 4224 phanii
723 4159 784 4222 ‹†
804 4154 931 4218 403)
974 4162 1287 4214 testimoniis
1330 4162 1733 4215 demonstratur.
1787 4162 1877 4228 qui
1922 4162 2059 4214 liber
2105 4180 2212 4230 qua
2254 4165 2429 4218 famae
2474 4165 2781 4218 celebritate
2832 4177 3037 4228 semper
3089 4160 3249 4212 fuerit
3289 4159 3526 4226 inprimis
3580 4153 3721 4222 apud
3767 4154 4085 4206 christianos

493 4244 790 4308 orientales,
824 4245 943 4296 aliis
979 4245 1183 4297 omissis
1217 4247 1540 4313 argumentis
1571 4247 1776 4314 ingenti
1810 4248 2139 4314 potissimum
2174 4249 2414 4302 codicum
2449 4265 2665 4302 numero
2701 4250 2793 4316 qui
2826 4248 3001 4300 adhuc
3032 4250 3239 4298 exstant
3273 4245 3539 4305 docemur,
3575 4248 3629 4294 et
3658 4239 3800 4308 quod
3832 4241 3888 4291 in
3911 4241 4092 4307 plures

492 4330 703 4395 linguas
738 4331 1045 4393 orientales,
1080 4332 1339 4397 copticam
1374 4332 1639 4383 arabicam
1676 4332 1934 4398 syriacam
1951 4367 1966 4396 ,
2001 4336 2073 4386 sit
2103 4334 2410 4390 translatus.
2464 4336 2613 4402 cujus
2659 4335 2779 4386 libri
2823 4333 3112 4386 celebritati
3157 4330 3300 4383 haud
3349 4331 3579 4396 impares
3627 4342 3837 4393 quoque
3876 4326 4089 4377 fuerunt

494 4415 728 4466 virorum
764 4415 1035 4467 doctorum
1074 4416 1453 4469 Germanorum
1490 4417 1763 4470 Gallorum
1795 4417 2086 4486 Anglorum
2127 4435 2289 4472 curae
2334 4422 2390 4471 in
2434 4421 2637 4473 edendo
2681 4420 2961 4473 adhibitae.
3012 4419 3212 4486 primus
3259 4413 3450 4466 librum
3491 4415 3633 4480 typis
3681 4411 4083 4465 exscribendum

501 4502 708 4552 curavit
744 4516 809 4553 ex
842 4499 1065 4553 Postelli
1097 4501 1405 4566 professoris
1438 4503 1755 4555 Parisiensis
1787 4504 2032 4556 versione
2066 4505 2235 4558 latina
2269 4505 2468 4559 Theod.
2504 4506 2806 4559 Bibliander
2839 4505 3001 4558 Basil.
3024 4496 3156 4558 1552
3170 4537 3184 4565 ‚
3218 4503 3407 4553 iterum
3442 4498 3723 4568 Argentor.
3750 4494 3905 4561 1570,
3940 4512 4087 4549 recu-

499 4585 727 4638 dendum
776 4587 815 4639 J
817 4603 864 4640 ο.
901 4586 1168 4639 Heroldus
1217 4589 1273 4639 in
1315 4587 1823 4656 orthodoxographis
1866 4590 2030 4642 Basil.
2057 4587 2212 4647 1555.
2265 4607 2512 4659 graecum
2556 4598 2754 4645 textum
2798 4593 2856 4643 in
2900 4590 3093 4658 vulgus
3140 4587 3305 4640 edidit
3346 4587 3545 4653 primus
3577 4583 3808 4636 Michael
3844 4582 4090 4635 Neander

493 4672 661 4726 Basil.
687 4670 822 4726 1564
858 4674 1145 4725 secundum
1181 4672 1416 4727 codicem
1450 4676 1604 4727 nobis
1639 4677 1878 4742 ignotum
1914 4691 2086 4744 neque
2120 4678 2373 4743 optimum
2420 4694 2593 4745 neque
2642 4680 2911 4745 antiquum
2955 4692 3063 4728 una
3105 4690 3224 4726 cum
3260 4674 3427 4726 latina
3459 4672 3553 4724 illa
3586 4669 3812 4724 Postelli
3844 4670 4088 4720 versione

493 4774 556 4809 ex
594 4758 700 4810 alio
734 4757 877 4810 fonte
912 4759 1070 4820 fluxa,
1104 4760 1291 4811 iterum
1310 4756 1463 4822 1567,
1499 4777 1655 4827 quam
1692 4761 1977 4813 secundam
2013 4762 2290 4814 editionem
2327 4765 2572 4831 repetivit
2595 4764 2876 4830 Grynaeus
2899 4762 3064 4815 Basil.
3102 4755 3257 4814 1569.
3312 4761 3534 4827 primam
3559 4757 3790 4809 Neandri
3814 4753 4092 4807 editionem

493 4850 703 4895 secutus
745 4850 826 4895 est
871 4850 922 4896 et
954 4850 1152 4897 textum
1195 4844 1308 4910 ejus
1350 4861 1600 4912 graecum
1646 4852 1701 4899 et
1735 4848 1954 4900 Postelli
1989 4851 2284 4901 versionem
2328 4849 2547 4902 latinam
2583 4849 2837 4902 exhibens
2871 4848 2959 4901 Jo.
2992 4846 3112 4899 Alb.
3148 4846 3428 4898 Fabricius
3478 4846 3535 4896 in
3571 4841 3753 4895 codice
3788 4841 4088 4908 apocrypho

502 4930 628 4979 novi
662 4936 781 4982 test.
818 4935 857 4980 t.
885 4927 909 4982 1
949 4930 1141 4982 Bamb.
1167 4926 1321 4994 1703,
1356 4932 1543 4983 iterum
1569 4929 1704 4988 1719
1737 4950 1789 5000 p.
1813 4930 2073 4988 66-125.
2127 4934 2431 5002 Grynaeum
2466 4941 2520 4988 et
2540 4935 2844 4987 Fabricium
2881 4939 3095 4985 secutus
3131 4929 3689 4985 estJerem.Jonesius
3707 4927 3913 4994 Anglus
3933 4923 4088 4989 1722.

496 5012 798 5065 Fabricium
834 5014 996 5066 Andr.
1033 5015 1276 5067 Birchius
1312 5016 1494 5069 Danns
1528 5019 1584 5068 in
1619 5021 1855 5071 auctario
1891 5019 2005 5074 cod.
2039 5036 2216 5087 apocr.
2252 5036 2374 5073 nov.
2408 5026 2529 5075 test.
2564 5020 2775 5073 Fabric.
2809 5018 2985 5070 Havn.
3016 5013 3174 5081 1804,
3217 5018 3375 5070 etiam
3422 5015 3643 5067 duorum
3689 5015 3807 5067 cod.
3844 5014 4087 5066 Vaticau.

492 5101 666 5151 varias
702 5100 823 5154 lect.
858 5100 1075 5154 addens.
1118 5104 1314 5168 primus
1359 5105 1449 5169 qui
1497 5109 1694 5156 textum
1741 5120 1990 5171 graecum
2036 5108 2188 5158 novis
2234 5107 2391 5174 plane
2432 5107 2792 5160 instrumentis
2836 5104 3086 5157 adhibitis
3133 5102 3423 5170 iisdemque
3467 5103 3677 5168 optimis
3730 5116 3794 5153 ex
3832 5100 4085 5154 librorum

496 5185 826 5250 antiquorum
862 5190 1174 5240 auctoritate
1212 5189 1588 5240 restituendum
1625 5191 1832 5242 curavit
1878 5191 1978 5243 fuit
2010 5192 2196 5256 Thilo,
2242 5192 2512 5245 codicibus
2557 5207 2685 5245 usus
2726 5197 2848 5245 octo
2881 5190 3299 5252 Parisiensibus,
3345 5186 3549 5241 duobus
3586 5186 3694 5239 illis
3728 5186 3998 5238 Vaticanis
4034 5191 4085 5238 et

496 5285 601 5321 uno
639 5271 1036 5326 vindobonensi
1070 5276 1144 5327 ita
1177 5281 1236 5326 ut
1267 5276 1675 5328 vetustissimum
1715 5292 1868 5329 suum
1901 5278 2251 5331 Parisiensem
2270 5315 2284 5342 ,
2319 5279 2498 5332 seculo
2533 5278 2647 5331 fere
2683 5278 2888 5331 decimo
2926 5283 3221 5341 exaratum,
3259 5276 3520 5342 integrum
3557 5273 3732 5338 daret,
3765 5270 4086 5340 reliquorum

3535 5362 3565 5422 1
