5242 6280
2308 676 2401 744 18

556 907 740 971 quam
785 887 939 954 scias
972 906 1049 952 ex
1091 885 1319 952 semine
1366 892 1474 952 tuo
1519 884 1858 966 concepisse
1900 882 2113 951 filiam.
2189 883 2324 951 Hec
2367 885 2489 951 erit
2532 883 2838 966 templum
2882 883 2984 950 dei
3028 888 3094 949 et
3137 883 3385 965 spiritus
3397 886 3478 963 ⁴⁶¹)
3525 885 3770 952 sanctus
3813 887 4157 969 requiescet

554 1012 620 1075 in
667 1028 762 1076 ea.
809 1015 875 1075 et
919 1008 1040 1074 erit
1079 1007 1269 1073 beata
1311 1006 1492 1089 super
1536 1003 1752 1070 omnes
1782 1002 2048 1071 feminas
2079 1004 2327 1071 sanctas.
2372 1006 2464 1071 ita
2506 1010 2580 1070 ut
2621 1004 2803 1070 multi
2831 1004 3061 1070 dicant.
3109 1004 3259 1086 quia
3286 1004 3461 1071 nulla
3498 1003 3619 1070 fuit
3649 1005 3796 1071 talis
3825 1007 4157 1089 aliquando
4201 983 4214 1000 ⁸

556 1136 703 1197 ante
748 1148 909 1197 eam.
954 1135 1021 1195 et
1063 1126 1273 1210 postea
1324 1145 1451 1192 non
1501 1125 1626 1190 erit
1675 1123 1900 1189 similis
1934 1125 2010 1189 ei.
2099 1125 2416 1193 Descende
2471 1143 2620 1208 ergo
2678 1124 2755 1191 de
2817 1123 3140 1190 montibus
3191 1130 3258 1190 et
3310 1130 3630 1193 reuertere
3695 1126 3778 1193 ad
3832 1127 4156 1209 coniugem

554 1258 730 1317 tuam
773 1259 838 1315 et
880 1247 1166 1315 inuenies
1196 1264 1337 1313 eam
1378 1243 1712 1310 habentem
1757 1245 1823 1309 in
1867 1250 2049 1311 utero
2070 1247 2174 1320 ⁴⁸).
2261 1244 2581 1311 Excitabit
2625 1245 2790 1310 enim
2835 1245 2990 1311 deus
3035 1244 3241 1311 semen
3285 1246 3351 1310 in
3394 1264 3472 1311 ea
3515 1253 3580 1312 et
3621 1243 3811 1313 faciet
3853 1266 3993 1314 eam
4020 1267 4154 1312 ma-

554 1378 719 1437 trem
768 1366 1215 1436 benedictionis
1247 1371 1482 1447 eterne.
1570 1364 1657 1429 Et
1698 1364 1970 1431 adorans
1982 1367 2065 1445 ⁴⁹)
2119 1384 2263 1433 eum
2316 1365 2585 1431 ioachim
2642 1365 2801 1431 dixit
2854 1366 2931 1431 ei.
3023 1364 3091 1431 Si
3133 1366 3348 1432 inueni
3391 1367 3659 1448 gratiam
3683 1368 3761 1444 ⁵⁰}
3823 1384 4032 1432 coram
4076 1374 4155 1434 te.

558 1494 698 1558 sede
743 1491 1057 1557 modicum
1100 1487 1164 1553 in
1209 1484 1613 1552 tabernaculo
1655 1502 1812 1550 meo.
1867 1490 1934 1551 et
1986 1485 2249 1552 benedic
2313 1503 2414 1551 me
2467 1485 2714 1551 seruum
2770 1491 2969 1552 tuum.
3056 1486 3142 1551 Et
3195 1487 3355 1552 dixit
3410 1489 3469 1553 ei
3525 1487 3806 1569 angelus.
3892 1487 4038 1553 Noli
4092 1493 4155 1554 te
4295 1578 4299 1582 Α

557 1613 762 1678 dicere
800 1611 812 1694 Ι
849 1609 1092 1676 seruum
1138 1606 1251 1672 sed
1293 1603 1658 1671 conseruum
1700 1622 1925 1670 meum.
1983 1605 2169 1671 unius
2203 1606 2367 1670 enim
2411 1606 2642 1671 domini
2689 1606 2848 1671 serui
2892 1605 3103 1671 sumus.
3197 1606 3360 1673 Nam
3404 1606 3580 1673 cibus
3611 1625 3787 1673 meus
3832 1607 4168 1674 inuisibilis
4193 1618 4268 1670 τι.

557 1740 656 1799 est
669 1732 697 1795 l
752 1737 817 1797 et
872 1735 1055 1811 potvs
1098 1743 1275 1791 meus
1323 1725 1402 1791 ab
1447 1724 1802 1790 hominibus
1816 1726 1899 1801 δ’)
1943 1725 2313 1791 mortalibus
2345 1725 2548 1791 uideri
2601 1745 2727 1791 non
2772 1725 3011 1808 potest!
3077 1731 3143 1791 et
3185 1727 3326 1792 ideo
3381 1745 3506 1792 non
3550 1726 3742 1793 debes
3784 1746 3883 1796 me
3935 1749 4159 1812 rogare

560 1861 631 1919 ut
674 1854 900 1918 intrem
959 1848 1024 1912 in
1067 1845 1542 1912 tabernaculum
1584 1843 1805 1910 tuum!
1857 1845 1958 1915 sed
2014 1845 2180 1928 quod
2236 1845 2391 1911 mihi
2452 1846 2594 1911 eras
2640 1845 2912 1912 daturus.
2970 1843 3196 1912 offeres
3236 1846 3597 1914 sacrificium
3621 1847 3703 1928 ³²)
3758 1848 3894 1916 deo.
3986 1848 4159 1915 Tunc

557 1973 827 2040 ioachim
872 1967 1111 2049 accepit
1155 1984 1385 2049 agnum
1429 1964 1941 2031 immaculatum!
1985 1971 2052 2031 et
2096 1965 2252 2031 dixit
2295 1966 2374 2031 ad
2420 1965 2731 2047 angelum.
2820 1964 2956 2047 Ego
3001 1983 3124 2032 non
3154 1967 3332 2033 ausvs
3357 1967 3438 2048 ⁵³)
3486 1965 3668 2035 essem
3713 1967 3935 2034 offerre
3981 1969 4154 2035 holo-

560 2092 835 2161 caustum
877 2088 1015 2153 deo.
1075 2086 1197 2151 nisi
1263 2091 1376 2152 tua
1417 2085 1543 2151 iuff
1542 2086 1602 2151 io
1660 2085 1840 2151 daret
1894 2085 2046 2151 mihi
2093 2083 2478 2168 pontificium
2539 2084 2859 2151 offerendi.
2948 2085 3034 2150 Et
3088 2086 3180 2153 ait
3232 2088 3511 2171 angelus,
3599 2087 3731 2155 Nec
3784 2108 3899 2169 ego
3955 2095 4019 2154 te
4073 2091 4154 2155 ad

559 2209 941 2281 offerendum
993 2207 1300 2275 hortarer.
1365 2205 1489 2270 nisi
1542 2205 1932 2272 uoluntatem
1986 2206 2222 2272 domini
2277 2205 2706 2288 cognouissem.
2794 2205 3058 2273 Factum
3111 2205 3200 2271 est
3223 2207 3305 2284 ⁵⁴)
3351 2213 3561 2273 autem
3606 2226 3745 2275 cum
3791 2208 4044 2275 offerret
4067 2211 4151 2289 ⁵⁶)
4190 2218 4272 2272 Ἰν.

557 2333 820 2401 ioachim
865 2329 983 2396 deo
1025 2324 1407 2392 sacrificium.
1452 2324 1640 2390 simul
1685 2343 1826 2391 cum
1871 2326 2061 2391 odore
2104 2323 2383 2392 sacrificii
2427 2325 2607 2408 quasi
2651 2344 2794 2392 cum
2836 2325 3007 2391 fumo
3051 2327 3325 2408 perrexit
3359 2328 3619 2411 angelus
3665 2329 3747 2395 ad
3784 2334 3794 2411 Ι
3833 2329 4051 2395 celum.
4072 2331 4154 2407 ⁵⁸)

556 2454 729 2518 Tunc
774 2449 1041 2516 ioachim
1086 2446 1312 2516 cecidit
1354 2446 1419 2510 in
1460 2445 1699 2512 faciem.
1745 2452 1810 2512 et
1854 2445 1933 2511 ab
1978 2446 2134 2512 hora
2177 2446 2303 2512 diei
2346 2447 2518 2511 sexta
2560 2464 2760 2528 vsque
2801 2448 2885 2511 ad
2930 2446 3249 2529 uesperam
3292 2448 3501 2514 iacuit.
3568 2447 3910 2515 Uenientes
3943 2455 4155 2516 autem

553 2573 733 2656 pueri
778 2569 915 2636 eius
948 2578 1015 2636 et
1039 2570 1120 2647 ⁵⁷)
1165 2566 1592 2633 mercennarii.
1637 2566 1979 2633 nescientes
2022 2585 2144 2648 que
2200 2567 2377 2632 causa
2433 2566 2581 2632 esset
2637 2572 3044 2648 expauerunt.
3109 2568 3408 2649 putantes
3450 2569 3616 2650 quod
3672 2569 3728 2635 se
3782 2570 3909 2651 ipse
3965 2569 4159 2636 uellet

553 2691 922 2759 interficere.
968 2692 1071 2755 uix
1116 2689 1531 2755 eleuauerunt
1572 2705 1716 2753 eum
1742 2687 1843 2764 ⁵⁸).
1934 2686 2173 2764 Quibus
2207 2705 2347 2754 cum
2391 2687 2729 2753 enarrasset
2771 2693 2837 2753 et
2879 2688 3185 2754 audirent.
3241 2686 3488 2770 stupore
3531 2689 3722 2754 nimio
3779 2695 3841 2755 et
3887 2690 4156 2756 admira-

554 2816 721 2879 tione
768 2810 1043 2893 impulsi.
1110 2808 1526 2876 hortabantur
1577 2826 1721 2874 eum
1781 2814 1855 2873 ut
1896 2807 1931 2872 s
1933 2808 2035 2873 ine
2094 2826 2271 2873 mora
2325 2807 2547 2873 iuffum
2601 2807 2810 2888 angeli
2854 2805 3204 2888 perficeret.
3261 2813 3452 2891 atque
3495 2809 3796 2875 uelociter
3850 2810 3931 2876 ad
3986 2811 4156 2877 suam

556 2934 882 3016 coniugem
925 2935 1255 2996 remearet.
1345 2926 1628 3010 Cumque
1671 2933 1925 2993 nutaret
1949 2928 2031 3008 θ’)
2075 2927 2342 2993 ioachim
2388 2933 2455 2993 et
2485 2928 2693 2992 animo
2737 2926 2842 2994 suo
2873 2927 3206 2994 discuteret
3234 2927 3288 2992 si
3318 2928 3553 2994 reuerti
3581 2928 3879 2996 deberet!
3921 2928 4157 2996 factum

556 3055 643 3121 est
688 3060 760 3118 ut
801 3051 1016 3133 sopore
1060 3055 1399 3116 teneretur.
1497 3048 1584 3112 Et
1627 3065 1770 3115 ecce
1813 3048 2069 3130 angelvs
2122 3048 2231 3129 qui
2286 3049 2345 3113 ei
2399 3049 2651 3129 aparuit
2705 3047 3010 3129 uigilanti.
3077 3048 3327 3129 aparuit
3379 3049 3439 3115 ei
3493 3050 3558 3113 in
3616 3048 3872 3134 somlno
3931 3050 4153 3117 dicens.
4190 3056 4267 3110 δι.

554 3151 689 3257 Ego
732 3174 861 3238 sum
907 3172 1167 3254 angelus
1222 3171 1329 3252 qui
1373 3188 1414 3235 a
1456 3169 1706 3236 domino
1753 3168 1939 3235 datus
1980 3168 2110 3234 sum
2170 3167 2288 3233 tibi
2331 3167 2538 3234 custos.
2625 3168 2942 3235 Descende
2983 3169 3233 3235 securus
3281 3175 3347 3235 et
3388 3174 3710 3235 reuertere
3764 3170 3846 3235 ad
3888 3171 4157 3237 annam!

555 3296 705 3378 quia
748 3291 1160 3373 misericordie
1184 3290 1264 3374 ⁶⁰)
1308 3307 1466 3372 quas
1509 3286 1704 3355 fecisti
1750 3296 1820 3354 tu
1875 3294 1941 3354 et
1982 3306 2139 3354 uxor
2181 3293 2294 3353 tua
2347 3289 2411 3352 in
2455 3287 2786 3376 conspectu
2831 3288 3112 3354 altissimi
3165 3289 3429 3370 recitate
3485 3296 3650 3356 sunt
3707 3295 3773 3356 et
3814 3291 3943 3356 tale
3986 3292 4167 3358 uobis

555 3416 741 3482 datur
770 3429 1024 3495 germen
1053 3410 1239 3493 quale
1268 3428 1609 3493 numquam
1652 3408 1732 3474 ab
1763 3408 1948 3474 inicio
1991 3426 2107 3474 nec
2134 3408 2441 3489 prophete
2484 3415 2596 3474 aut
2625 3409 2816 3475 sancti
2838 3411 2924 3485 ⁰¹)
2963 3409 3320 3475 habuerunt
3360 3427 3566 3492 neque
3598 3416 3747 3476 sunt
3773 3410 4151 3490 habituri.⁶²)

756 3542 835 3620 Et
876 3549 1109 3616 factum
1155 3548 1244 3614 est
1286 3546 1437 3613 dum
1478 3546 1807 3628 euigilaret
1849 3545 2116 3612 ioachim
2160 3545 2413 3613 uocauit
2454 3547 2536 3610 ad
2579 3546 2639 3610 se
2684 3547 2901 3612 omnes
2933 3547 3040 3629 qui
3085 3546 3418 3628 pascebant
3446 3565 3668 3629 greges
3711 3547 3854 3613 suos
3885 3554 3952 3614 et
3992 3549 4155 3614 indi-

557 3681 724 3745 cauit
780 3680 873 3746 eis
904 3680 1200 3747 somnium
1254 3678 1442 3744 suum.
1529 3678 1616 3743 At
1668 3679 1761 3744 illi
1815 3678 2241 3744 adorauerunt
2295 3677 2612 3742 dominum
2680 3684 2746 3742 et
2800 3677 3109 3742 dixerunt.
3194 3678 3358 3745 Uide
3422 3698 3502 3745 ne
3567 3679 3735 3744 ultra
3797 3685 4156 3747 contemnas

557 3802 846 3883 angelum
890 3801 1008 3867 dei.
1096 3799 1198 3866 sed
1242 3799 1446 3882 surge·
1464 3797 1933 3880 proficiscamur.
1991 3804 2057 3863 et
2098 3797 2270 3862 lento
2315 3797 2516 3878 gradu
2557 3796 2880 3879 pascentes
2910 3815 3141 3863 eamvs.
3231 3797 3515 3881 Cumque
3569 3819 3684 3881 per
3728 3800 3863 3866 dies
3894 3802 4157 3884 triginta

556 3920 949 3985 ambulantes
979 3917 1396 4002 peruenissent
1420 3919 1520 3998 ⁶³).
1569 3914 1819 4000 aparuit
1862 3936 2025 3983 anne
2067 3918 2132 3982 in
2176 3917 2456 3982 oratione
2500 3916 2684 3981 stanti
2729 3918 2987 4000 angelus
3031 3918 3262 3984 domini
3303 3924 3315 3995 1
3353 3919 3567 3984 dicens
3599 3920 3659 3985 ei
3682 3921 3787 4004 ⁰⁴).
3849 3921 4029 3987 Uade
4072 3922 4154 3988 ad
4186 3931 4272 3988 ὃν.

554 4028 965 4121 portamque
1011 4058 1204 4105 aurea
1228 4041 1310 4118 ⁶⁵)
1355 4043 1617 4105 uocatur
1661 4044 1725 4104 et
1769 4055 2022 4105 occurre
2065 4037 2201 4103 uiro
2247 4043 2376 4102 tuo,
2416 4039 2716 4118 ‚quoniam
2762 4039 2975 4104 ueniet
3017 4038 3098 4104 ad
3141 4045 3206 4104 te
3252 4039 3454 4104 hodie.
3512 4040 3598 4104 At
3640 4039 3751 4104 illa
3792 4038 4153 4108 festinanter

746 4383 835 4448 47)
874 4370 963 4451 150*
995 4384 1167 4437 coaeae.
1373 4385 1465 4446 48)
1500 4385 1535 4436 ι’.
1571 4402 1613 4437 e.
1644 4385 1929 4454 maclam.
2136 4384 2230 4451 49)
2274 4385 2562 4456 adnotans
2589 4388 2696 4439 cod.
2919 4385 3010 4450 50)
3048 4388 3119 4439 ιη
3151 4386 3416 4439 scribenda
3450 4387 3545 4438 nac
3577 4403 3689 4438 voce
3722 4386 3779 4438 in
3811 4395 3985 4439 »nomo
4019 4387 4149 4439 mro

550 4488 743 4538 semper
777 4471 1064 4538 compemlio
1097 4488 1222 4522 mus
1257 4478 1327 4523 eet
1361 4472 1623 4534 librarius,
1659 4488 1821 4540 quare
1854 4470 2075 4539 intellegi
2105 4490 2209 4524 non
2238 4482 2399 4540 potest
2432 4475 2708 4526 voluerimus
2742 4476 2782 4526 ti
2818 4493 2889 4526 cm
2923 4477 3000 4526 ci:
3050 4474 3341 4541 sor-ipsimae
3373 4473 3562 4540 ubique
3595 4475 3650 4526 ti.
3823 4471 3914 4535 51)
3949 4474 4148 4525 abomi-

552 4556 708 4610 nibns
733 4559 839 4610 cod.
875 4559 1222 4625 superscripta
1256 4558 1358 4609 loeo
1390 4571 1480 4609 σιω
1515 4559 1666 4610 litera
1700 4560 1738 4610 h
1757 4560 1939 4626 forma
1972 4559 2184 4610 πιίηιιία.
2424 4560 2514 4624 52)
2562 4560 2733 4628 Super
2768 4557 3077 4613 sacrificium
3125 4559 3235 4611 alia
3266 4576 3427 4611 manu
3459 4559 3698 4626 scriptum
3732 4558 3914 4625 leqitur
3947 4563 3970 4610 1
4003 4559 4150 4610 holo-

540 4642 804 4699 caustvm.
1046 4642 1135 4710 53)
1174 4642 1458 4710 δαίμονα
1492 4645 1738 4697 librarius
1772 4642 1871 4697 aus
1908 4645 2106 4712 adjecta
2148 4652 2271 4697 ‘nota
2314 4645 2385 4697 ad
2428 4646 2812 4713 significandam
2853 4646 3103 4714 syllabam
3136 4642 3213 4698 us.
3264 4645 3330 4698 ab
3363 4646 3467 4698 alio
3497 4654 3619 4697 nota
3652 4643 3818 4696 deleta
3849 4643 4051 4710 syllaba
4083 4659 4148 4694 ve

552 4732 897 4798 superscripta
930 4740 1017 4783 eet.
1188 4729 1280 4795 5⁴)
1316 4727 1392 4782 est
1422 4730 1487 4781 ab
1521 4730 1630 4797 ipso
1663 4731 1875 4783 librario
1908 4731 2320 4799 superscriptum.
2512 4732 2603 4798 55)
2643 4733 2824 4784 Prima
2858 4749 2885 4783 r
2920 4750 2955 4783 a
2989 4731 3202 4784 librario
3235 4732 3595 4799 superscripta.
3764 4726 3857 4786 56)
3895 4730 4150 4781 szdum

552 4818 608 4867 in
640 4818 801 4869 codice
835 4817 1172 4869 desideratur.
1394 4814 1484 4882 57)
1520 4824 1574 4869 et
1606 4818 2015 4885 superscriptum.
2222 4815 2314 4872 58)
2350 4818 2384 4869 i.
2422 4834 2464 4869 e.
2498 4818 2585 4869 vix
2617 4820 2816 4872 elevare
2850 4836 2964 4870 eum
2990 4826 3287 4886 potuerunt,
3322 4819 3447 4886 quia
3479 4818 3666 4870 visione
3701 4815 3873 4882 anqelz‘
3905 4818 4149 4868 anonim

554 4910 599 4950 et
633 4910 762 4953 totus
795 4903 853 4954 in
887 4903 1179 4971 cogitatione
1213 4902 1410 4970 defi-vus
1445 4911 1572 4956 erat.
1606 4904 1773 4956 reddit
1805 4904 2121 4957 Hrodsm'tha
2155 4905 2315 4956 locum
2351 4905 2450 4968 (ed.
2478 4905 2648 4971 princ.
2684 4905 2800 4958 ὢν.
2822 4906 2946 4972 fin.)
2979 4902 3144 4973 ipsum
3178 4909 3412 4970 percerte
3445 4902 3540 4955 sed
3574 4906 3664 4955 vix
3697 4908 3914 4967 potuere
3945 4903 4147 4956 leuare.

759 4986 852 5046 59)
886 4995 1101 5042 nutaret
1134 4990 1170 5042 ἰ.
1205 5006 1249 5041 e.
1282 4988 1568 5040 haustas-et.
1789 4986 1882 5054 60)
1914 4986 2300 5043 misericordiae
2333 4999 2450 5042 eum
2486 5008 2643 5058 opera
2675 4991 3074 5053 misericordiae,
3108 4989 3446 5056 eleemosynae
3490 4998 3536 5040 et
3571 4988 3807 5055 beneficia
3839 4988 4150 5040 misericordi

553 5072 721 5125 aniano
754 5074 1038 5127 distributa.
1243 5070 1339 5135 01)
1371 5082 1466 5127 aut
1498 5071 1661 5127 sancti
1697 5094 1732 5127 a
1766 5075 1979 5128 librario
2012 5077 2423 5144 superscriptum.
2628 5073 2721 5139 62)
2759 5077 3012 5129 Punctum
3046 5076 3103 5128 in
3136 5076 3297 5128 codiee
3330 5075 3666 5127 desideratur.
3859 5069 3950 5136 63)
4002 5073 4151 5126 Verbi

553 5156 897 5224 peruenissent
930 5161 1108 5214 literae
1143 5158 1229 5213 nis
1243 5162 1365 5229 sere
1398 5169 1527 5212 totae
1562 5162 1773 5217 deletae.
1986 5159 2083 5222 64)
2137 5164 2241 5215 Vox
2275 5166 2325 5215 ei
2358 5164 2719 5230 mperscvipta.
2925 5158 3016 5230 65)
3051 5163 3178 5215 Emit
3203 5162 3406 5229 primus
3431 5160 3659 5229 paylnae
3691 5176 3866 5212 verene
3899 5159 3957 5211 in
3989 5161 4146 5227 sylla-

554 5243 669 5295 ham
704 5262 776 5298 au
811 5247 937 5299 voc-is
971 5265 1148 5305 aurea.
1196 5256 1250 5299 ut
1285 5248 1550 5315 disjunctio
1582 5249 1710 5301 vocis
1745 5250 2132 5318 siyvaijicaretur,
2164 5266 2319 5317 super
2354 5250 2553 5302 literam
2587 5266 2624 5301 u
2649 5259 2897 5317 punctum
2921 5249 3247 5317 duplicatum,
3271 5250 3328 5301 id
3348 5250 3484 5317 quod
3503 5250 3644 5302 colon
3665 5263 3914 5310 vocamus,
3929 5245 4149 5313 positum

3596 5337 3633 5402 3
