5242 6280
2271 756 2364 822 Sa

527 967 729 1003 merum
762 953 819 1004 in
851 954 986 1007 libro
1021 953 1198 1007 kleine
1217 954 1470 1022 Beitriige
1506 953 1556 1018 3,
1574 949 1644 1007 66
1680 963 1733 1010 et
1751 959 2055 1014 Pfeifferum
2089 963 2146 1012 in
2164 962 2384 1029 Hauptii
2417 963 2616 1029 ephem.
2636 960 2687 1028 8,
2706 958 2810 1016 160
2827 959 2929 1029 sq.)
2964 963 3129 1029 primo
3149 979 3255 1017 sec.
3276 962 3341 1019 13
3377 965 3631 1018 decennio
3666 965 3742 1027 (v.
3761 966 4098 1020 Gombertum

527 1038 583 1087 in
620 1037 825 1090 dissert.
863 1039 925 1090 de
960 1042 1127 1092 tribus
1164 1044 1377 1093 carmin.
1414 1042 1575 1094 theot.
1595 1043 1751 1096 Halia
1772 1041 1902 1098 1861
1940 1047 2174 1114 inprimis
2210 1065 2261 1115 p.
2286 1047 2352 1101 13
2371 1065 2484 1116 sqq.
2522 1054 2577 1100 et
2591 1048 2929 1101 Bartschium
2946 1051 3003 1099 in
3019 1051 3192 1102 Pseiff.
3212 1050 3386 1103 Germ.
3423 1050 3474 1114 8,
3494 1049 3597 1104 312
3620 1054 3757 1118 sqq.)
3792 1068 4001 1105 carmen
4039 1055 4104 1105 de

528 1126 807 1177 nativitate
842 1132 897 1179 et
928 1128 1153 1180 infantia
1188 1128 1381 1179 domini
1415 1131 1581 1180 nostri
1616 1133 1922 1196 composuit.
1959 1134 2109 1200 cujus
2144 1135 2354 1186 codices
2390 1140 2597 1187 exstant
2632 1135 2735 1186 duo
2771 1136 3029 1202 integrum
3064 1136 3275 1201 quidem
3308 1153 3517 1189 carmen
3541 1138 3887 1202 continentes,
3906 1140 4106 1193 Vindo-

528 1211 776 1263 bonensis
812 1212 937 1265 bibl.
958 1213 1108 1267 Caes.
1144 1229 1248 1264 sec.
1271 1213 1335 1267 14
1368 1218 1442 1274 (v.
1462 1214 1767 1267 Hoffmanni
1802 1218 2100 1287 catalogum
2118 1221 2194 1272 XI
2214 1237 2266 1288 p.
2287 1217 2374 1283 23,
2408 1221 2617 1274 tabulas
2654 1221 2768 1272 cod.
2788 1224 2846 1272 in
2860 1222 2986 1273 bibl.
3006 1222 3165 1287 palat.
3184 1222 3411 1275 Vindob.
3434 1239 3631 1275 asserv.
3650 1220 3701 1287 2,
3724 1222 3825 1279 119
3851 1242 3928 1277 nr.
3947 1223 4107 1291 2696)

527 1311 683 1360 quem
719 1296 880 1348 edidit
898 1299 1141 1350 Hahnius
1168 1301 1222 1349 in
1243 1300 1496 1351 Gedichte
1532 1301 1623 1353 des
1662 1300 1745 1354 12.
1781 1320 1832 1355 u.
1873 1302 1954 1359 13.
1972 1306 2129 1358 Jhdts
2150 1307 2395 1374 Quedlbg
2414 1304 2551 1360 1840
2583 1325 2635 1374 p.
2653 1302 2909 1370 67-102,
2945 1313 3000 1360 et
3032 1308 3195 1359 codex
3221 1308 3506 1375 Lassbergi
3540 1309 3695 1361 hodie
3711 1311 4103 1365 Donaueschin-

528 1385 711 1447 gensis
745 1383 834 1434 fin.
871 1400 978 1436 sec.
1001 1383 1065 1437 13
1101 1391 1344 1437 exaratus
1379 1389 1454 1445 (v.
1476 1387 1709 1439 Baracki
1740 1391 2037 1460 catalogum
2071 1409 2123 1458 p.
2142 1390 2249 1458 52),
2287 1393 2439 1459 cujus
2471 1393 2670 1444 codicis
2704 1394 2882 1445 varias
2917 1393 3168 1444 lectiones
3205 1394 3429 1446 selectas
3449 1410 3516 1445 ex
3531 1395 3765 1449 Pseifl'eri
3801 1400 4104 1466 apographo

528 1466 783 1520 dederunt
796 1468 1042 1521 Halmius
1077 1471 1112 1521 1.
1150 1487 1197 1522 c.
1233 1474 1289 1522 in
1324 1473 1622 1539 appendice
1658 1491 1708 1540 p.
1730 1472 2017 1542 137-146,
2051 1479 2331 1531 Pfeifferus
2349 1481 2407 1529 in
2426 1478 2601 1530 Germ.
2620 1495 2721 1532 sua
2738 1480 2787 1544 5,
2806 1476 2904 1533 251
2929 1496 3038 1546 sqq.
3092 1486 3301 1545 praeter
3333 1480 3430 1532 hos
3466 1487 3638 1534 exstat
3676 1487 3886 1548 tertius,
3905 1486 4105 1537 Vindo-

527 1555 774 1606 bonensis
808 1558 864 1605 in
899 1557 1112 1607 archivo
1148 1556 1345 1608 ordinis
1378 1560 1630 1611 teutonici
1664 1569 1969 1614 asservatus
2005 1566 2166 1624 (idem
2187 1566 2467 1617 Wernheri
2502 1581 2712 1617 carmen
2748 1564 3018 1632 continet),
3053 1569 3157 1616 non
3175 1577 3283 1616 sec.
3304 1561 3429 1616 12-
3441 1563 3508 1619 13
3527 1571 3589 1617 ut
3602 1568 3774 1621 voluit
3788 1571 4104 1622 Feifalikius

526 1640 621 1690 sed
654 1646 786 1692 teste
801 1641 1050 1693 Pfeiffero
1085 1642 1120 1694 1.
1157 1658 1205 1696 c.
1239 1660 1291 1710 p.
1310 1644 1416 1697 247
1450 1647 1507 1696 in
1541 1645 1662 1696 adn.
1698 1655 1820 1714 post
1851 1651 1987 1701 med.
2024 1665 2130 1704 sec.
2152 1649 2219 1704 13
2256 1654 2510 1718 scriptus,
2561 1653 2652 1718 qui
2696 1667 2907 1703 carmen
2941 1666 3048 1701 non
3082 1652 3346 1716 integrum
3391 1644 3626 1717 exhibetss
3676 1654 3921 1708 librarius
3965 1658 4102 1707 enim

531 1728 720 1790 prioris
757 1728 919 1792 partis
954 1727 1064 1779 fere
1101 1724 1242 1780 1100
1275 1745 1463 1782 versus
1502 1734 1692 1797 omisit,
1729 1737 1855 1801 quia
1891 1736 2125 1803 ejusdem
2162 1742 2321 1803 atque
2356 1753 2480 1804 pars
2518 1736 2775 1805 quaedam
2792 1736 3073 1788 wernheri
3107 1737 3353 1788 carminis
3387 1739 3445 1789 in
3479 1737 3660 1790 codice
3692 1743 3926 1806 proxime
3958 1758 4107 1807 prae-

526 1812 760 1863 cedentis
795 1819 944 1864 erant
978 1818 1295 1880 argumenti.
1335 1817 1478 1869 hunc
1522 1819 1754 1871 codicem
1802 1827 2049 1889 tanquam
2096 1825 2346 1889 optimum
2389 1832 2472 1881 (re
2505 1839 2635 1876 vera
2677 1830 2757 1876 est
2799 1824 3081 1888 pessimus)
3115 1828 3327 1874 secutus
3344 1858 3361 1883 ‚
3398 1824 3616 1875 nimium
3653 1828 3703 1878 ei
3737 1831 3792 1878 et
3824 1830 4014 1878 aetatis
4050 1834 4103 1879 et

524 1901 881 1963 praestantiae
916 1899 1170 1965 tribuens,
1206 1919 1415 1955 carmen
1456 1904 1620 1957 edidit
1636 1907 1951 1959 Feifalikius
1985 1909 2096 1967 (die
2113 1910 2370 1962 Kindheit
2386 1911 2541 1974 «lesu,
2562 1909 2721 1960 Wien
2741 1903 2917 1966 1859).
2952 1913 3159 1974 praeter
3194 1908 3289 1959 hos
3323 1914 3432 1960 tres
3467 1911 3675 1962 codices
3709 1912 3829 1978 plus
3862 1914 4105 1963 minusve

525 1985 760 2051 integros
796 1986 1046 2037 habemus
1083 1989 1239 2039 etiam
1278 1990 1497 2042 aliorum
1535 1993 1754 2044 duorum
1790 1994 2108 2060 fragmenta:
2143 1995 2445 2062 Lipsiensia
2478 1995 2678 2046 codicis
2697 2009 2805 2047 sec.
2829 1991 2893 2046 13
2914 2010 2949 2046 a
2968 1995 3187 2046 Leisero
3221 2002 3432 2062 reperta
3464 2001 3518 2047 et
3551 1998 3619 2048 ab
3655 1998 3836 2050 eodem
3860 2000 3916 2049 in
3933 1998 4103 2050 Monii

524 2069 658 2121 libro
677 2071 936 2137 Anaeiger
968 2073 1054 2123 fiir
1080 2074 1275 2127 Kunde
1311 2077 1404 2128 der
1445 2080 1718 2130 teutschen
1736 2079 1946 2131 Vorzeit
1989 2080 2024 2133 2
2060 2078 2268 2147 (1833),
2311 2074 2381 2133 96
2400 2095 2512 2145 sqq.
2550 2086 2602 2131 et
2638 2096 2671 2132 a
2697 2081 2932 2147 Hauptio
2980 2082 3038 2130 in
3082 2080 3283 2146 epham.
3318 2078 3369 2145 3,
3387 2079 3488 2135 304
3505 2098 3620 2148 sqq.
3655 2085 3795 2149 typis
3840 2099 4101 2150 expressa,

527 2154 711 2207 deinde
746 2157 1093 2224 fragmentum
1122 2160 1351 2213 Dronkii
1384 2179 1490 2214 sec.
1515 2164 1576 2217 14
1612 2166 1753 2232 apud
1777 2165 2013 2218 Monium
2051 2166 2088 2218 l.
2124 2181 2169 2218 c.
2209 2162 2244 2217 8
2283 2161 2484 2230 (1839),
2518 2161 2754 2234 200sqq.
2790 2168 2999 2219 editum.
3069 2166 3380 2219 Ouonradus
3414 2173 3573 2234 poeta
3606 2168 3879 2221 historiam
3912 2172 4102 2222 nativi-

524 2243 648 2291 tatis
683 2240 1007 2294 educationis
1044 2244 1470 2313 desponsationis
1497 2248 1703 2303 Mariae
1737 2254 1959 2321 virginis
1994 2254 2194 2314 omisit,
2229 2253 2425 2317 quippe
2461 2266 2599 2316 quae
2627 2252 2739 2319 jam
2774 2254 2840 2305 ab
2867 2254 3121 2305 Heinrico
3155 2255 3404 2320 magistro
3438 2254 3634 2305 tradita
3668 2255 3755 2318 sit,
3790 2255 3941 2320 cujus
3977 2271 4102 2321 poe·

523 2327 676 2377 matis
711 2335 1082 2395 argumentum
1117 2332 1439 2386 brevissimis
1474 2338 1653 2389 verbis
1686 2339 1902 2392 indicat.
1938 2340 2110 2391 locum
2145 2352 2299 2403 quem
2334 2340 2459 2402 post
2491 2336 2593 2389 hoc
2629 2344 3010 2405 argumentum,
3042 2343 3165 2405 post
3180 2332 3265 2399 68,
3284 2331 3354 2389 63
3389 2337 3512 2390 edit.
3533 2338 3734 2389 Hahnii
3756 2340 3915 2392 habet
3937 2340 4102 2393 codex

523 2413 807 2482 Lassbergi
842 2416 1003 2485 (legis
1039 2434 1160 2470 eum
1194 2436 1279 2487 ap.
1298 2422 1569 2473 Hahnium
1603 2424 1657 2475 in
1693 2425 1917 2490 append.
1952 2441 2007 2491 p.
2025 2421 2125 2476 137
2153 2423 2258 2488 sq.)
2293 2423 2528 2488 spurium
2565 2438 2701 2485 esse,
2734 2439 2769 2474 a
2802 2423 3014 2475 librario
3048 2438 3144 2476 seu
3177 2424 3551 2489 interpolatore
3587 2425 3809 2489 quodam
3834 2427 4102 2489 insertum,

522 2500 683 2562 qu'um
719 2504 940 2569 propriis
976 2503 1131 2572 huJus
1181 2505 1285 2558 loci
1332 2510 1691 2561 consonantiis
1734 2506 1985 2561 finalibus
2018 2509 2099 2573 (v.
2130 2508 2464 2560 Bartschium
2507 2509 2564 2558 in
2597 2506 2768 2559 Pfeifl'.
2805 2507 2979 2562 Germ.
3014 2505 3064 2572 8,
3081 2507 3184 2562 312
3219 2526 3254 2561 a
3284 2508 3442 2573 med.)
3489 2514 3597 2560 tum
3634 2510 3810 2562 verbis
3844 2512 3933 2562 mit
3964 2512 4103 2564 einer

518 2594 658 2651 qerte
691 2588 789 2639 daz
819 2590 1062 2656 geschaclz
1096 2591 1189 2642 diu
1222 2593 1381 2645 blizete
1413 2593 1470 2645 in
1511 2595 1657 2646 sinen
1698 2595 1910 2647 handen
1953 2594 2366 2658 demonstratur,
2411 2610 2548 2661 quae
2581 2593 2746 2645 verba
2778 2594 2943 2646 alium
2975 2594 3168 2647 librum
3204 2594 3482 2646 Cuonrado
3517 2596 3754 2661 ignotum
3790 2596 3998 2660 (librum
4035 2596 4101 2649 de

520 2676 684 2725 nativ.
711 2674 933 2741 Mariae)
967 2679 1282 2743 respiciunt:
1324 2696 1377 2732 v.
1411 2681 1551 2732 infra
1583 2681 1703 2732 adn.
1730 2680 1844 2735 114.
1894 2682 2086 2734 deinde
2130 2685 2288 2747 poeta
2330 2680 2682 2732 narrationem
2726 2695 2875 2732 suam
2918 2681 3105 2745 incipit
3136 2697 3171 2732 a
3194 2681 3429 2747 Josepho
3457 2680 3680 2735 Mariam
3722 2683 3823 2734 sibi
3857 2682 4100 2735 traditam

521 2760 867 2813 Nararethum
902 2765 958 2813 in
995 2763 1206 2816 domum
1242 2781 1393 2817 suam
1430 2766 1701 2819 deferente
1734 2770 1914 2835 ibique
1951 2785 2084 2831 eam,
2120 2766 2242 2818 dum
2278 2768 2396 2832 ipse
2431 2771 2706 2832 quaestum
2741 2780 2890 2817 suum
2927 2766 3188 2832 sequitur,
3224 2781 3339 2817 cum
3375 2767 3672 2832 virginibus
3707 2766 3983 2818 comitibus
4018 2783 4098 2819 re·

519 2847 807 2913 linquente,
844 2864 947 2914 quo
964 2850 1104 2901 facto
1124 2851 1304 2918 angeli
1337 2867 1456 2902 mox
1476 2851 1538 2903 fit
1569 2853 1912 2907 adnuntiatio.
1944 2855 2055 2920 jam
2090 2855 2148 2903 in
2180 2853 2264 2904 his
2300 2857 2353 2903 et
2384 2853 2441 2902 in
2476 2850 2597 2902 aliis
2616 2867 2752 2918 quae
2788 2858 3077 2918 sequuntur
3111 2851 3419 2903 enarrandis
3453 2857 3611 2919 poeta
3642 2853 3879 2917 sequitur
3909 2853 4100 2905 librum

522 2932 776 2985 infantiae
813 2934 886 2999 (v.
921 2952 1080 3003 supra
1113 2938 1210 2989 sub
1232 2935 1336 3002 11),
1379 2943 1438 2989 ut
1472 2939 1743 2993 docuimus
1776 2942 1914 2991 infra
1947 2943 2000 2990 in
2035 2939 2157 2991 adn.
2197 2936 2313 2990 117.
2351 2933 2468 2988 132.
2505 2933 2625 2990 134.
2663 2931 2779 2990 136.
2820 2935 2937 2989 145.
2974 2934 3093 2991 157.
3128 2931 3249 2991 166.
3288 2935 3401 2990 185.
3440 2934 3556 2991 195.
3592 2933 3692 2989 204
3729 2935 3828 3001 (z
3861 2939 3990 2989 Luc.
4027 2937 4099 3002 2).

517 3015 622 3071 219
656 3026 748 3079 (-.·.
767 3021 953 3075 matth.
971 3020 1045 3081 2).
1080 3020 1198 3074 222.
1235 3019 1355 3076 226.
1382 3023 1505 3077 234.
1540 3024 1662 3079 235.
1697 3023 1826 3091 25ος
1861 3026 1953 3078 sed
1988 3043 2085 3078 suo
2115 3026 2320 3092 judicio
2356 3040 2483 3075 usus
2516 3023 2605 3074 hic
2639 3023 2752 3073 illic
2785 3038 2956 3089 pauca
2988 3027 3170 3086 mutat,
3205 3026 3267 3072 ut
3299 3036 3570 3072 numerum
3608 3025 3855 3074 comitum
3880 3025 4099 3088 Mariae,

521 3121 651 3171 quas
687 3109 845 3159 etiam
882 3109 949 3161 ab
986 3111 1101 3175 ipsa
1135 3109 1329 3163 electas
1366 3110 1518 3180 fingit
1549 3112 1625 3178 (v.
1652 3113 1773 3165 adn.
1795 3111 1936 3178 120),
1971 3127 2242 3165 numerum
2275 3109 2532 3161 idolorum
2549 3108 2897 3177 Aegytiorum
2931 3108 3005 3174 (v.
3041 3106 3158 3161 adn.
3179 3104 3329 3171 239);
3364 3122 3517 3174 porro
3552 3121 3657 3158 non
3695 3107 3822 3160 dicit
3855 3109 4097 3177 angelum

517 3193 743 3245 Mariam
780 3195 1085 3260 speluncam
1118 3197 1315 3247 intrare
1343 3197 1569 3263 jussisse
1605 3207 1673 3255 (v.
1712 3200 1833 3251 adn.
1866 3194 2013 3262 167),
2057 3196 2188 3248 dicit
2221 3197 2438 3264 angelos
2482 3196 2679 3261 virgini
2714 3196 2937 3262 parienti
2990 3196 3323 3247 obstetricum
3373 3195 3678 3246 muneribus
3722 3209 3840 3246 esse
3890 3196 4099 3249 functos

518 3279 591 3342 (v.
627 3279 748 3334 adn.
780 3278 928 3346 171),
973 3283 1148 3335 locum
1176 3284 1390 3335 Jesaiae
1433 3287 1625 3336 omittit
1668 3293 1750 3343 (v.
1787 3284 1908 3336 adn.
1945 3281 2099 3349 241),
2145 3283 2424 3348 mysticam
2466 3296 2742 3349 magorum
2783 3296 3057 3334 munerum
3105 3281 3541 3348 significationem
3583 3279 3732 3333 addit
3772 3277 3858 3346 82,
3883 3278 3951 3333 12
3984 3298 4097 3349 sqq.

517 3363 589 3429 (v.
609 3367 730 3418 adn.
751 3363 893 3424 213).
932 3369 1123 3421 deinde
1143 3371 1302 3421 etiam
1319 3372 1594 3437 evangelia
1620 3372 1881 3422 canonica
1900 3371 2117 3421 minime
2145 3368 2384 3436 negligit,
2421 3382 2541 3418 nam
2575 3368 2634 3416 in
2668 3365 2901 3418 secunda
2933 3366 3110 3433 angeli
3143 3368 3470 3434 apparitione
3504 3366 3798 3419 enarranda
3832 3363 4099 3430 70‚6-—25

518 3454 742 3505 maxime
778 3456 1015 3521 sequitur
1031 3457 1236 3508 Lucam
1271 3458 1652 3524 evangelistam
1690 3455 1737 3520 1,
1761 3455 1846 3509 34.
1868 3455 1955 3510 35.
1973 3455 2059 3519 37,
2078 3454 2439 3506 Elisabetham
2474 3452 2698 3504 aMaria
2732 3453 2996 3505 visitatam
3029 3459 3209 3504 narrat
3243 3454 3528 3504 secundum
3564 3451 3787 3504 eundem
3810 3451 3855 3515 1,
3877 3449 3945 3505 39
3966 3469 4097 3519 sqq„

518 3536 655 3589 idem
689 3539 814 3591 facit
848 3542 901 3590 in
937 3544 1241 3594 narratione
1276 3543 1339 3594 de
1375 3545 1677 3611 pastoribus
1703 3543 1964 3595 Christum
1999 3540 2341 3595 adorantibus
2378 3538 2451 3604 (v.
2488 3537 2610 3590 adn.
2636 3535 2770 3600 188).
2817 3540 3046 3590 animum
3092 3554 3297 3605 quoque
3338 3541 3582 3592 advertas
3626 3538 3697 3589 ad
3745 3553 3809 3589 ea
3856 3553 3991 3604 quae
4027 3538 4095 3588 de

518 3626 654 3674 serie
688 3625 1013 3690 quarundam
1048 3645 1221 3680 rerum
1257 3645 1292 3681 a
1325 3629 1602 3681 Ouonrado
1640 3629 1755 3681 solo
1791 3630 2070 3681 observata
2108 3628 2228 3680 adn.
2251 3623 2355 3679 205
2392 3626 2797 3691 disputavimus.
2842 3641 2927 3675 res
2962 3624 3063 3675 hoc
3095 3625 3250 3676 modo
3285 3624 3573 3692 procedunt
3605 3640 3777 3690 usque
3811 3623 3882 3675 ad
3912 3623 4095 3691 fugam

515 3709 574 3757 in
594 3709 891 3776 Aegyptum
910 3751 923 3777 ,
958 3715 1050 3766 ubi
1084 3721 1205 3781 post
1236 3714 1466 3767 fabulam
1502 3717 1567 3767 de
1602 3716 1776 3781 palma
1811 3716 2056 3767 traditam
2091 3716 2443 3766 narrationem
2478 3712 2732 3763 insertam
2764 3710 2988 3776 legimus
3024 3725 3157 3775 quae
3188 3712 3246 3761 in
3281 3711 3524 3762 omnibus
3557 3709 3681 3761 libri
3699 3711 3967 3762 'infantiae
4002 3712 4092 3776 qui

519 3795 692 3846 adhuc
726 3799 1067 3852 innotuerunt
1101 3801 1371 3853 codicibus
1408 3802 1762 3854 desideratur·
1816 3808 1898 3852 est
1937 3801 2071 3853 haec
2111 3799 2464 3867 pulcherrima
2499 3793 2596 3847 illa
2632 3796 2696 3846 de
2731 3795 3021 3846 latronibus
3055 3795 3238 3846 fabula
3264 3792 3350 3859 84,
3372 3791 3595 3854 75-89,
3613 3791 3699 3859 61,
3743 3795 3891 3862 cujus
3926 3795 4093 3846 altera

518 3897 640 3946 pars
675 3882 815 3949 apud
847 3883 1070 3937 reditum
1105 3888 1160 3937 in
1196 3888 1417 3953 patriam
1456 3888 1608 3939 datur
1624 3884 1711 3949 91,
1731 3883 1953 3950 73-96,
1971 3884 2055 3952 81,
2094 3903 2250 3953 quam
2286 3884 2518 3936 fabulam
2556 3881 2815 3948 singulari
2850 3886 2904 3932 et
2938 3896 3116 3932 amore
3151 3887 3203 3932 et
3235 3885 3350 3931 arte
3381 3879 3651 3932 effinxisse
3684 3880 3889 3931 videtur
3919 3884 4090 3941 poeta.

518 3968 744 4033 legimus
780 3985 893 4020 eam
930 3971 986 4021 in
1021 3974 1297 4041 evangelio
1329 3974 1584 4025 infantiae
1618 3973 1832 4025 arabico
1868 3989 1913 4026 o.
1933 3970 2002 4026 23
2036 3970 2148 4039 (ap.
2164 3972 2290 4023 Thil
2329 3987 2378 4037 p.
2399 3966 2485 4024 91.
2504 3965 2590 4032 93,
2625 3984 2710 4034 ap.
2728 3966 2963 4019 Tischdf.
2999 3984 3049 4032 p.
3071 3964 3171 4020 183
3198 3967 3489 4033 sq.;of.o.
3527 3962 3971 4019 17.1s.21.27
4003 3962 4089 4032 28·

518 4051 602 4105 31.
622 4052 705 4106 32.
729 4051 835 4116 33),
870 4056 1011 4121 apud
1028 4055 1305 4108 Aelredum
1325 4064 1452 4112 (sec.
1476 4057 1561 4123 12)
1595 4060 1650 4109 in
1687 4059 1878 4126 regula
1911 4059 1979 4110 ad
2012 4061 2247 4111 inclusas
2285 4071 2491 4109 sorores
2527 4072 2573 4105 c
2592 4051 2663 4107 48
2695 4052 2773 4118 (in
2812 4053 2993 4103 Lucae
3020 4051 3281 4105 Holstenii
3320 4053 3503 4105 codice
3548 4052 3850 4119 regularum
3892 4045 3942 4111 6
3963 4047 4089 4110 433)

520 4146 574 4189 et
608 4140 747 4205 apud
768 4141 979 4192 Petrum
1015 4142 1078 4193 de
1096 4143 1372 4195 Natalibus
1406 4147 1462 4195 in
1497 4145 1737 4212 catalogo
1774 4152 2071 4197 sanctorum
2106 4146 2143 4197 1.
2179 4144 2213 4199 3
2248 4161 2295 4197 c.
2330 4140 2434 4196 228
2470 4141 2578 4201 (ml-
2596 4138 2730 4192 Ven·
2765 4155 2814 4191 ⁸·
2856 4131 2988 4190 ¹506
3020 4138 3110 4190 fol·
3138 4134 3292 4196 70131
3340 4139 3461 4189 dum
3498 4139 3551 4188 in
3578 4138 3823 4204 Aegyp&
3857 4142 4088 4187 ¹1¹01'sstffl'

518 4225 717 4275 familia
751 4241 902 4277 sacra
935 4233 1144 4292 praeter
1176 4229 1381 4280 ruinam
1415 4231 1671 4281 idolorum
1707 4232 1780 4295 (v.
1816 4231 1939 4286 adn.
1956 4231 2086 4294 250)
2130 4232 2237 4283 alia
2277 4228 2531 4282 miracula
2573 4243 2608 4278 a
2639 4231 2794 4290 poeta
2839 4240 2947 4276 non
2990 4229 3291 4286 narrantur·
3344 4229 3463 4290 Ρῡδῑ
3505 4222 3727 4274 rfldltum
3770 4237 3829 4271 ¹¹¹
3862 4221 4087 4287 P⁸ffi⁸¹¹¹

516 4307 840 4377 96,8‘2sqq.,
875 4311 997 4362 dum
1032 4313 1312 4364 Nazarethi
1348 4315 1562 4383 degunt,
1600 4322 1718 4368 octo
1752 4317 2007 4369 miracula
2040 4334 2133 4370 seu
2168 4333 2255 4367 res
2291 4317 2454 4366 mirae
2489 4329 2523 4365 a
2547 4313 2684 4365 Jesu
2717 4326 2881 4378 puero
2916 4310 3087 4363 factae
3120 4311 3410 4362 traduntur.
3449 4325 3579 4375 quas
3614 4321 3796 4358 omnes
3830 4305 3994 4357 habes
4028 4308 4085 4356 in

512 4398 636 4449 libri
671 4397 735 4448 de
772 4413 874 4463 quo
910 4413 1071 4464 supra
1104 4399 1201 4450 sub
1224 4400 1326 4453 vn
1361 4402 1564 4467 egimus
1599 4406 1750 4466 parte
1783 4405 2071 4468 posteriore
2099 4419 2183 4469 ap.
2206 4401 2442 4453 Tischdf.
2462 4418 2511 4467 p.
2533 4396 2603 4451 88
2625 4416 2759 4467 sqq„
2793 4399 2888 4452 sed
2921 4399 3025 4450 alio
3059 4412 3272 4464 prorsus
3307 4394 3507 4453 ordine.
3541 4408 3640 4446 nec
3674 4393 3820 4444 solae
3851 4390 3976 4442 illae
4010 4392 4088 4442 ibi

513 4484 761 4550 leguntur
795 4485 888 4535 sed
920 4485 1112 4550 plures.
1150 4501 1258 4553 qua
1292 4503 1347 4537 re
1383 4487 1694 4553 disceptatio
1732 4489 1857 4538 oriri
1889 4494 2076 4554 potest,
2111 4494 2282 4539 utrum
2319 4494 2477 4553 poeta
2509 4485 2653 4536 hunc
2695 4486 2884 4537 librum
2928 4484 3231 4550 ampliorem
3268 4482 3435 4532 solum
3470 4481 3527 4531 in
3566 4479 3809 4532 manibus
3843 4478 4089 4529 habuerit

518 4586 737 4636 eumque
774 4587 864 4636 per
898 4576 1062 4622 totum
1101 4588 1231 4638 opus
1266 4587 1418 4624 suum
1454 4579 1664 4625 secutus
1692 4575 1776 4637 sit,
1811 4575 1886 4625 ita
1920 4580 2093 4625 tamen
2127 4580 2186 4626 ut
2219 4574 2316 4625 sub
2352 4573 2506 4624 finem
2543 4571 2798 4623 delectum
2833 4568 3125 4623 fabularum
3159 4568 3401 4620 habuerit
3418 4571 3473 4618 et
3507 4566 3819 4618 delectarum
3847 4563 4082 4660 ordinem

514 4672 612 4707 suo
640 4656 843 4722 judicio
881 4660 1239 4719 constituerit,
1275 4674 1345 4710 an
1377 4659 1571 4711 librum
1607 4665 1842 4711 nostrum
1878 4659 1943 4711 de
1977 4659 2197 4711 infantia
2212 4659 2416 4710 Mariae
2451 4664 2508 4710 et
2528 4658 2824 4709 'salvatoris
2857 4657 3123 4722 scriptum,
3158 4655 3248 4721 qui
3282 4658 3366 4704 est
3401 4653 3635 4713 brevior,
3668 4664 3834 4714 usque
3869 4648 3937 4699 ad
3970 4664 4084 4713 eJus

514 4743 668 4795 finem
712 4748 921 4795 secutus
964 4744 1057 4809 sit,
1111 4745 1297 4797 deinde
1339 4746 1476 4798 alias
1519 4746 1726 4797 fabulas
1769 4746 1860 4808 (de
1903 4745 2194 4797 latronibus
2241 4750 2295 4796 et
2331 4745 2397 4796 de
2423 4745 2558 4796 Jesu
2601 4740 2786 4808 puero)
2828 4743 3008 4793 nescio
3053 4756 3119 4792 ex
3153 4754 3258 4804 qua
3290 4737 3397 4789 alia
3439 4737 3731 4788 fabularum
3775 4733 4085 4786 collectione

522 4832 817 4895 sumpserit.
851 4829 1031 4881 verbis
1066 4845 1275 4897 quoque
1319 4846 1452 4897 quae
1486 4832 1616 4883 facit
1650 4832 1705 4882 in
1740 4832 1947 4898 epilogo
1983 4831 2154 4887 oneris
2195 4826 2308 4893 102,
2327 4827 2550 4883 49-56
2591 4843 2678 4879 res
2718 4843 2825 4879 non
2867 4826 3026 4893 plane
3069 4824 3401 4891 dijudicatur.
3446 4829 3674 4874 ceterum
3720 4822 3850 4873 mire
3885 4836 3920 4871 ⁸
3950 4821 4084 4872 Jesu

516 4930 676 4979 puero
710 4923 862 4983 gesta
896 4916 1208 4968 Cnonradus
1241 4922 1421 4968 narrat
1452 4917 1602 4969 haec.
1810 4917 1863 4970 1)
1900 4917 1965 4969 de
1998 4918 2144 4984 ligno
2178 4931 2272 4982 per
2287 4917 2474 4968 «lesum
2511 4915 2751 4969 distento.
2786 4912 2978 4966 Cuonr.
3011 4908 3098 4972 97,
3117 4906 3321 4963 32-80
3355 4922 3429 4957 =
3465 4902 3975 4968 Pau-⁴8205-492
3995 4901 4080 4960 6⁴·

523 4999 610 5061 (cf.
628 5000 898 5068 Philippus
932 5001 1273 5054 Cartusianus
1306 4997 1692 5072 4268—43333
1728 5004 2032 5056 waltherus
2068 5003 2435 5055 Reinaviensis
2468 4995 2555 5064 94,
2570 4995 2811 5061 52-95,
2828 4994 2933 5061 26).
2985 5004 3071 5050 est
3102 4997 3234 5048 haec
3268 4995 3445 5047 fabula
3478 4994 3617 5060 apud
3634 4992 4080 5045 Tischendorfium

515 5087 571 5134 in
598 5085 1125 5138 Pseudo-Matthaeo
1171 5102 1326 5153 quem
1368 5094 1523 5139 vocat
1558 5105 1604 5140 c.
1633 5087 1700 5142 37
1735 5087 1874 5157 p.99
1899 5106 1978 5156 sq.
2014 5089 2079 5140 cf.
2114 5089 2257 5155 apud
2299 5087 2525 5140 eundem
2568 5101 2757 5152 evang.
2784 5085 3019 5136 'rhomae
3060 5097 3251 5151 graece
3283 5077 3417 5133 ο.13
3457 5096 3510 5147 p.
3542 5078 3639 5132 144
3675 5076 3787 5146 (ap.
3807 5078 4081 5130 Thilonem

515 5187 567 5237 p·
585 5166 687 5222 304
706 5171 864 5238 sqq.).
898 5190 974 5240 gr.
995 5175 1038 5225 B
1058 5190 1104 5224 c.
1130 5170 1186 5225 11
1208 5189 1259 5239 p.
1281 5170 1381 5226 154
1402 5189 1497 5240 ες,
1532 5192 1719 5243 evang.
1740 5175 1925 5227 Thom.
1962 5176 2055 5227 lat.
2073 5189 2120 5225 c.
2143 5172 2204 5226 11
2229 5189 2279 5240 p.
2304 5168 2421 5232 166.
2458 5187 2648 5239 evang.
2668 5171 2759 5224 inf.
2778 5171 2923 5223 arab.
2948 5186 2992 5220 c.
3013 5166 3098 5222 38.
3115 5165 3184 5222 39
3199 5186 3250 5236 p.
3275 5163 3373 5222 193
3392 5181 3469 5233 sq.
3487 5165 3597 5231 (ap.
3614 5165 3752 5217 Thil.
3771 5181 3823 5231 p.
3844 5162 3945 5218 113
3964 5168 4081 5230 aq.)-

514 5272 668 5321 porro
702 5257 885 5309 fabula
932 5261 1161 5313 occurrit
1194 5262 1250 5311 in
1297 5260 1480 5313 codice
1500 5261 1731 5314 Gissensi
1765 5277 1815 5312 v.
1845 5260 1933 5312 Jo.
1960 5261 2023 5315 E.
2052 5260 2240 5313 Christ.
2273 5258 2617 5312 Schmidtium
2662 5261 2716 5309 in
2741 5256 3048 5310 Bibliothek
3082 5255 3166 5306 fiir
3192 5253 3365 5307 Kritik
3402 5268 3453 5304 u.
3488 5252 3733 5319 Exegese
3776 5250 3872 5303 des
3912 5264 4083 5301 neuen

3575 5351 3691 5417 1*ss
