5242 6280
2283 756 2372 821 17

537 960 929 1041 Frequenter
970 957 1272 1025 uidebant
1313 977 1453 1025 cum
1497 977 1573 1026 ea
1616 959 1869 1041 angelos
1914 957 2125 1040 loqui!
2168 965 2235 1028 et
2275 962 2458 1044 quasi
2500 959 2812 1026 karissimi
2838 961 2920 1039 ⁸⁸)
2976 956 3112 1025 eius
3143 958 3660 1042 obtemperabant
3703 961 3779 1026 ei.
3871 958 3940 1026 Si
3983 961 4123 1042 quis

538 1098 688 1146 uero
733 1098 811 1145 ex
852 1076 1119 1144 infirmis
1149 1078 1442 1161 tetigisset
1484 1097 1621 1145 eam
1666 1079 1873 1145 saluus
1906 1082 1985 1149 ab
2029 1100 2104 1149 ea
2148 1081 2368 1149 eadem
2409 1081 2567 1147 hora
2606 1081 3062 1149 reuertebatur.
3092 1080 3172 1157 ⁸⁹)
3210 1081 3221 1164 Ι

768 1199 943 1282 'l'unc
995 1216 1283 1283 abiathar
1308 1218 1390 1292 ⁹⁰)
1445 1215 1730 1281 sacerdos
1775 1217 2003 1284 obtulit
2067 1218 2312 1286 infinita
2365 1237 2632 1285 munera
2683 1215 3087 1301 pontificibus.
3149 1221 3221 1280 ut
3278 1216 3592 1296 acciperet
3645 1234 3786 1282 eam
3839 1214 3965 1282 filio
4020 1218 4124 1282 suo
4161 1200 4312 1339 [Ῑὲέρ
4336 1268 4403 1335 ⁷·]

540 1337 911 1403 tradendam
954 1356 1231 1403 uxorem.
1318 1335 1700 1401 Prohibebat
1743 1344 1954 1403 autem
2001 1342 2109 1408 eos
2141 1342 2342 1406 maria
2384 1338 2607 1406 dicens.
2691 1336 2831 1405 Non
2884 1336 3086 1420 potest
3134 1334 3271 1403 fieri
3335 1341 3407 1401 ut
3461 1336 3816 1419 cognoscam
3875 1337 4126 1402 uirum!

538 1463 653 1521 aut
704 1477 805 1523 me
867 1457 967 1522 uir
1023 1455 1361 1539 cognoscat.
1450 1456 1535 1521 Et
1591 1457 1881 1525 dicebant
1935 1462 1996 1525 ei
2049 1459 2376 1544 pontifices
2391 1461 2472 1541 ⁹¹)
2540 1466 2607 1526 et
2659 1457 2876 1525 omnes
2925 1455 3152 1523 affines
3193 1456 3335 1523 eius.
3443 1456 3618 1523 Deus
3673 1456 4007 1524 inuisibilis
4060 1458 4125 1522 in

536 1576 684 1642 filiis
699 1578 777 1657 ⁹²)
825 1577 1048 1644 colitur
1102 1581 1167 1642 et
1210 1577 1273 1641 in
1315 1576 1576 1658 posteris
1617 1579 1953 1646 adoratur!
2016 1585 2182 1648 sicut
2236 1581 2474 1663 semper
2517 1578 2638 1647 fuit
2689 1580 2755 1644 in
2796 1578 2978 1644 israel
3004 1578 3104 1653 ⁹⁸).
3190 1577 3277 1643 Et
3316 1577 3696 1660 respondens
3728 1578 3928 1643 maria
3969 1578 4127 1643 dixit

538 1698 636 1764 eis.
725 1697 898 1763 Deus
942 1699 1004 1762 in
1050 1694 1330 1761 castitate
1372 1696 1573 1779 primo
1618 1700 1833 1766 omnes
1862 1701 2103 1783 probat.
2154 1702 2464 1784 quomodo
2508 1702 2822 1769 adoretur.
2910 1696 3075 1762 Nam
3130 1703 3274 1764 ante
3334 1697 3474 1765 abel
3517 1698 3728 1763 nullus
3772 1695 3892 1763 fuit
3943 1698 4137 1764 iustus

539 1821 704 1883 inter
746 1816 1036 1904 homines.
1084 1819 1150 1880 et
1190 1815 1292 1881 hic
1334 1835 1447 1898 pro
1492 1816 1807 1885 oblatione
1850 1821 2174 1901 placuerat
2218 1822 2375 1887 deo!
2429 1828 2496 1888 et
2536 1820 2720 1887 tratri
2762 1818 3071 1901 displicuit
3126 1836 3165 1882 a
3211 1835 3334 1899 quo
3392 1823 3457 1883 et
3501 1818 3731 1884 occisus
3763 1817 3869 1884 est.
3957 1817 4136 1884 Duas

489 1960 494 1966 ¹
537 1944 747 2003 tamen
775 1939 852 2015 ⁹⁴)
903 1934 1166 2003 coronas
1197 1937 1438 2017 accepit
1474 1935 1482 2021 Ι
1522 1938 1859 2006 oblationis
1890 1946 1955 2006 et
1997 1941 2383 2023 uirginitatis
2398 1940 2498 2023 ⁹³).
2550 1940 2701 2024 quia
2754 1939 2990 2005 nullam
3047 1937 3456 2019 pollutionem
3514 1939 3580 2003 in
3631 1938 3738 2005 sua
3782 1956 3969 2004 carne
4014 1939 4125 2005 ad·
4158 1927 4268 1984 19*-

539 2058 721 2124 misit.
810 2058 1096 2139 Denique
1152 2062 1216 2122 et
1258 2056 1486 2121 heliam
1530 2057 1673 2124 ideo
1727 2078 1865 2126 cum
1911 2060 2060 2127 effet
2117 2063 2184 2127 in
2237 2079 2424 2127 carne
2468 2059 2804 2143 assumpsit.
2863 2061 3014 2141 quia
3057 2075 3308 2125 carnem
3363 2057 3532 2122 suam
3574 2059 3880 2142 uirginem
3927 2058 4125 2125 custo-

539 2178 698 2243 diuit
723 2179 820 2256 ⁹⁶).
910 2176 1045 2242 Hec
1090 2194 1240 2259 ergo
1283 2178 1349 2242 in
1394 2178 1628 2259 templo
1673 2179 1775 2244 dei
1821 2179 2011 2246 didici
2055 2184 2136 2249 ab
2180 2182 2451 2249 infancia
2494 2199 2636 2248 mea
2678 2179 2846 2262 quod
2891 2179 3007 2245 deo
3051 2177 3198 2243 satis
3230 2196 3379 2243 cara
3405 2177 3597 2260 poffit
3626 2178 3746 2245 effe
3773 2180 4124 2262 uirginitas,

542 2304 607 2364 et
649 2298 789 2363 ideo
834 2297 952 2365 hoc
994 2296 1181 2363 statui
1224 2298 1289 2362 in
1332 2298 1518 2364 corde
1560 2316 1700 2364 meo
1744 2304 1818 2365 ut
1860 2302 2068 2367 uirum
2109 2302 2364 2384 penitus
2394 2321 2521 2369 non
2563 2300 2946 2385 cognoscam.
2975 2300 3056 2377 ⁹⁷)

773 2417 1034 2500 Paetum
1078 2433 1167 2499 est
1192 2436 1273 2513 ⁹⁸)
1320 2441 1532 2500 autem
1577 2442 1649 2502 ut
1693 2437 1957 2519 quartus
1989 2439 2268 2505 decimus
2300 2438 2501 2506 annus
2544 2456 2686 2505 eam
2730 2437 3060 2517 exciperet.
3089 2437 3171 2514 θ’)
3218 2440 3283 2504 et
3326 2436 3474 2502 esset
3518 2436 3759 2503 occasio
3802 2455 3926 2519 que
3971 2436 4126 2518 pha·
4164 2426 4309 2495 [Cap.
4328 2426 4403 2491 Β-]

538 2553 725 2620 rifeos
757 2552 994 2620 faceret
1036 2556 1260 2622 dicere.
1308 2556 1433 2621 iam
1476 2575 1593 2637 pro
1637 2557 2071 2625 consuetudine
2114 2558 2384 2627 feminea
2437 2561 2502 2626 in
2547 2559 2784 2641 templo
2838 2557 2941 2623 dei
2985 2557 3155 2622 illam
3214 2558 3445 2624 morari
3505 2576 3632 2623 non
3685 2557 3868 2641 poll'e.
3926 2561 3992 2622 et
4034 2556 4127 2621 in-

738 2882 832 2944 88)
866 2870 977 2936 kffii
1010 2884 1166 2937 0001ae
1198 2893 1382 2952 maer,
1415 2884 1717 2941 eharin'ime
1766 2889 1904 2941 vim.
1940 2890 2133 2942 Beaov.
2170 2890 2205 2941 ι.
2239 2906 2300 2953 0„
2336 2885 2601 2941 minume
2641 2887 2832 2951 Pam„
2869 2893 2924 2939 et
2959 2880 3354 2950 diligentissime
3387 2882 3493 2935 coa.
3541 2881 3806 2934 rachena
3857 2883 4129 2933 mmmm

534 2970 685 3020 ceteri
716 2977 901 3023 nostro.
1106 2969 1200 3038 89)
1248 2974 1425 3024 Totum
1458 2974 1548 3026 Ιιοσ
1582 2984 1758 3043 caput,
1792 2977 1850 3028 in
1883 2993 1982 3043 quo
2015 2977 2206 3044 copiose
2249 2984 2295 3028 et
2327 2975 2650 3027 abundmater
2685 2981 3000 3028 enarrantur
3050 2987 3182 3038 quae
3223 2970 3280 3020 i‘n
3323 2968 3698 3035 protevanqelio
3730 2967 3908 3019 Jacobi
3938 2967 4128 3033 simpli-

534 3056 741 3107 cissimis
772 3057 1045 3124 iisdemque
1082 3059 1393 3125 yraviesimie
1434 3062 1598 3113 verbis
1637 3064 1992 3130 eoeprimumur
2034 3063 2115 3115 liis
2166 3064 2302 3129 (cap.
2336 3059 2373 3113 8
2404 3063 2517 3113 init.
2562 3061 2707 3129 apud
2750 3060 3010 3111 Thilonem
3049 3075 3109 3127 Ρ.
3146 3054 3279 3118 202,
3334 3073 3419 3122 αΡ.
3466 3053 3692 3121 Rsclzdfi
3724 3072 3784 3120 Ρ.
3823 3054 3914 3120 15)
3967 3049 4033 3121 ἦν
4068 3051 4127 3104 δὲ

534 3144 724 3212 Μαρία
759 3145 820 3194 ἐν
852 3143 927 3212 τῷ
959 3161 1074 3210 ναῳ
1109 3146 1295 3212 κυρίου
1330 3144 1400 3206 ὥς
1429 3149 1715 3220 περιστερὰ
1750 3151 2018 3222 νεμομένη
2054 3148 2146 3202 καὶ
2183 3145 2488 3219 ἐλάμβανεν
2520 3146 2725 3220 τροφὴν
2761 3148 2818 3199 ἐκ
2837 3144 3021 3216 χειρὸς
3042 3142 3291 3213 ἀγγέλου,
3328 3159 3491 3193 mores
3517 3140 3829 3194 monachicos
3859 3150 3906 3193 et
3938 3144 4128 3194 cultum

536 3229 745 3280 Mariae
779 3230 930 3296 quasi
953 3230 1351 3296 perfectissimae
1372 3250 1488 3298 jam
1522 3252 1557 3286 a
1586 3237 1758 3301 prima
1793 3245 1956 3288 aetate
1987 3236 2221 3288 monialis
2254 3235 2497 3287 acen-ime
2528 3235 2743 3297 redolet,
2792 3242 2851 3284 ut
2893 3249 2992 3299 91ιο
3032 3231 3236 3283 consilio
3265 3230 3446 3297 fictwm
3490 3229 3555 3281 eit
3574 3228 3741 3296 facile
3769 3230 4126 3296 perspiciatur.

538 3314 765 3367 Getes-imi
807 3316 929 3366 haec
970 3316 1124 3368 habes
1167 3320 1311 3386 apud
1340 3321 1705 3374 Hrodsm'tham
1745 3322 1823 3373 ed.
1859 3323 2028 3389 princ.
2062 3319 2177 3374 ἀδυ.
2230 3331 2277 3373 et
2314 3323 2394 3375 7r.
2428 3321 2518 3384 in„
2550 3321 2697 3388 apud
2744 3319 3074 3372 Wemherum
3111 3314 3226 3379 163,
3257 3311 3533 3376 25-165,
3551 3311 3636 3369 29.
3711 3315 3790 3383 CJ-
3830 3315 4131 3368 Passionale

530 3397 587 3462 9,
603 3397 749 3452 26-
759 3399 846 3455 56.
885 3400 968 3466 10,
987 3401 1230 3467 35-82,
1269 3407 1542 3475 Philippus
1582 3410 1918 3462 Oartusianus
1950 3409 2137 3464 558-
2154 3405 2286 3470 887,
2339 3407 2625 3459 waltherus
2660 3405 3014 3457 Beiuaviemis
3047 3402 3133 3466 21,
3153 3401 3301 3456 36-
3321 3400 3408 3466 33,
3424 3398 3512 3452 22.
3737 3397 3829 3466 90)
3872 3403 4129 3455 Abiathar

533 3495 659 3538 recte
692 3497 860 3540 noster
900 3507 1013 3542 cum
1041 3491 1215 3557 primo
1252 3494 1550 3547 Parisieusi.
1584 3497 1797 3548 eandem
1828 3498 2044 3549 nominis
2062 3497 2295 3563 somnam
2329 3493 2514 3544 habene
2542 3491 2855 3544 Hrodsvitlia
2894 3492 2950 3542 in
2984 3491 3097 3542 hist.
3133 3490 3305 3541 beatae
3336 3487 3547 3555 viryinis
3581 3485 3684 3552 (ed.
3697 3487 3863 3553 princ.
3879 3489 3970 3554 sol.
3989 3487 4131 3555 dBr.)

536 3580 583 3622 et
615 3573 918 3628 Wernlzerue
937 3575 1150 3645 (Hoffm.
1171 3578 1407 3648 Fundqr.
1427 3581 1479 3644 2,
1500 3580 1617 3645 165,
1636 3581 1746 3647 32).
1781 3592 1995 3635 ceterum
2011 3599 2192 3636 nomen
2214 3582 2304 3634 hoc
2320 3577 2590 3632 sacerdotis
2614 3578 2830 3630 occurrit
2865 3576 2893 3630 l
2916 3577 3041 3644 Bey.
3064 3576 3111 3640 1,
3139 3577 3187 3628 7.
3211 3572 3291 3628 19.
3309 3574 3395 3628 25.
3413 3573 3500 3626 42.
3535 3570 3588 3636 2,
3605 3569 3691 3626 26.
3729 3571 3755 3626 1
3781 3572 3921 3626 Sam.
3940 3572 4026 3638 22,
4044 3572 4131 3626 20.

535 3658 619 3722 23,
638 3656 689 3710 6.
925 3661 1015 3725 91)
1069 3665 1215 3716 Verbi
1248 3668 1527 3732 pontifices
1554 3669 1705 3721 litera
1737 3686 1773 3721 11
1808 3670 2169 3736 superscripta.
2407 3664 2500 3729 92)
2542 3665 2756 3731 Scripsit
2790 3664 3036 3715 librarius
3070 3665 3124 3713 in
3158 3658 3283 3713 filiis
3310 3655 3607 3720 inuisibilis,
3643 3659 3733 3712 sed
3764 3661 4128 3714 collocationem

537 3746 798 3798 verborum
830 3750 1127 3803 mutandum
1161 3769 1265 3804 esse
1298 3752 1460 3804 literis
1494 3771 1528 3807 a
1562 3764 1609 3806 et
1639 3758 1673 3808 b
1709 3756 2061 3823 supereo-imis
2092 3755 2297 3806 notavit.
2468 3748 2558 3816 93)
2601 3751 2681 3819 CJ.
2721 3752 2873 3802 Prov.
2894 3748 2978 3812 17,
2991 3744 3042 3801 6.
3116 3747 3309 3799 Psalm.
3335 3742 3450 3809 127,
3473 3743 3508 3798 3
3523 3762 3631 3812 sqq.
3668 3744 3788 3811 128,
3805 3748 3839 3801 3
3860 3765 3967 3815 sqq.

534 3831 624 3896 94)
663 3841 835 3886 tamen
865 3836 1075 3901 praebet
1106 3845 1275 3889 noster
1317 3848 1365 3890 et
1400 3841 1531 3892 alter
1568 3841 1900 3904 Parisiemis‚
1954 3841 2357 3907 Ίῖκλαιᾶοηῗω
2396 3855 2509 3889 cum
2549 3838 2657 3889 mis
2692 3839 2896 3903 itaque,
2950 3835 3087 3902 quod
3127 3834 3237 3885 veri
3280 3832 3494 3883 similius
3532 3832 3749 3884 videm.
3802 3834 3891 3886 sed
3924 3836 4133 3904 defendi

526 3928 688 3985 potest
722 3928 896 3972 tamen
932 3921 1021 3973 hoc
1053 3925 1197 3975 modo
1229 3925 1608 3993 interpretanti.-
1660 3943 1972 3994 quamquam
2005 3925 2261 3993 displicuit
2281 3924 2457 3992 fratri
2498 3931 2544 3975 et
2586 3924 2652 3974 ab
2686 3923 2776 3975 Ιιοσ
2807 3923 2993 3974 ουσία-ιω
3027 3928 3126 3984 est,
3180 3938 3215 3971 a
3260 3920 3353 3971 deo
3393 3928 3561 3970 tamen
3604 3920 3667 3970 de
3701 3919 3948 3973 oblatione
3981 3923 4132 3975 aliter

524 4005 789 4070 judicante
821 4015 1088 4060 coronatus
1121 4019 1207 4061 est.
1407 4010 1497 4078 95)
1535 4012 1726 4065 Sensus
1756 4014 1936 4065 horum
1967 4013 2230 4064 verborum
2263 4010 2654 4077 sionplicisaimus
2688 4025 2793 4076 esse
2825 4009 3040 4059 videtur.
3074 4007 3323 4074 duplicem
3355 4024 3589 4058 coronam
3625 4006 3839 4072 adeptus
3873 4017 3945 4058 est
3977 4010 4125 4073 Abel,

534 4108 691 4142 unam
722 4110 818 4159 pro
851 4095 1097 4146 oblatione
1130 4097 1165 4147 i.
1201 4113 1242 4149 e.
1269 4116 1372 4165 pro
1404 4102 1697 4153 mamea-ihm
1724 4101 1813 4168 pio
1837 4115 2073 4167 puroque
2106 4099 2275 4149 animo
2309 4097 2510 4158 oblatis,
2562 4097 2778 4147 alteram
2815 4112 2918 4161 pro
2962 4094 3248 4161 virginitate
3290 4110 3391 4159 per
3432 4093 3588 4144 vitam
3631 4110 3779 4146 suam
3821 4107 4130 4150 conservata.

533 4178 622 4228 sed
653 4179 701 4228 si
731 4181 1018 4232 accuratius
1054 4182 1357 4248 inspexeris,
1403 4188 1548 4239 ambo
1582 4189 1713 4239 idem
1746 4188 1940 4249 valent,
1985 4201 2147 4237 unum
2182 4185 2342 4236 altero
2374 4183 2668 4234 comninetur.
2721 4181 3034 4234 obliuionem·
3062 4180 3215 4231 talem
3236 4182 3418 4248 facere
3444 4180 3634 4245 potuit,
3670 4182 3794 4248 quia
3826 4183 3968 4250 vir-qo
4002 4194 4129 4237 erat.

536 4265 704 4330 itaque
738 4265 895 4316 aliam
928 4267 1027 4317 vim
1058 4270 1206 4321 verbo
1239 4271 1522 4326 oblationis
1555 4276 1645 4327 hoc
1679 4275 1880 4342 quidem
1913 4273 2016 4324 loeo
2048 4271 2208 4323 iriense
2240 4269 2482 4337 suspicor,
2523 4269 2702 4320 scilieet
2737 4268 2997 4320 oblationis
3031 4267 3115 4320 sui
3145 4267 3332 4333 ipsius,
3383 4266 3515 4317 vitae
3548 4283 3697 4330 suae,
3750 4286 3881 4335 quae
3912 4271 4131 4336 prima-m

533 4353 676 4403 illam
712 4352 1007 4404 oblationem
1036 4357 1479 4425 prianenitorum
1508 4362 1678 4429 yreqis
1712 4367 1974 4411 consecuta
2008 4365 2102 4421 est,
2160 4357 2283 4424 quia
2329 4358 2387 4408 ob
2421 4355 2565 4407 illam
2608 4374 2643 4407 a
2676 4355 2770 4408 deo
2798 4363 2947 4422 ¹<prate
2990 4363 3242 4422 acceptam
3260 4354 3458 4422 fratris
3491 4369 3651 4404 manu
3686 4354 3858 4406 occidit
3900 4365 3947 4408 et
3980 4360 4131 4424 quasi

535 4440 839 4505 martyrium
865 4456 967 4505 pro
1001 4441 1093 4492 deo
1117 4461 1305 4508 passus
1338 4456 1425 4498 est.
1461 4465 1578 4515 erqo
1612 4448 1806 4500 oblatio
1853 4445 1943 4496 Ιιοσ
1984 4447 2088 4497 loco
2120 4442 2405 4511 siqnificare
2437 4441 2635 4492 videtur
2666 4443 2988 4508 martyrium.
3037 4440 3222 4506 accepit
3256 4457 3491 4491 coronam
3524 4439 3773 4505 duplicem
3819 4450 3865 4493 et
3897 4446 4136 4510 martyrii

533 4533 579 4574 et
612 4526 930 4593 virginitatis.
975 4534 1118 4592 testes
1163 4529 1316 4596 hujus
1348 4532 1777 4601 interpretaticmis
1818 4532 1975 4585 habeo
2018 4540 2063 4584 et
2097 4528 2457 4584 Hroaevitkmn
2499 4535 2547 4579 et
2598 4528 2943 4579 Wernherwn.
2997 4527 3092 4579 illa
3126 4527 3328 4594 quidem
3371 4528 3531 4578 locum
3562 4536 3790 4580 nostrum
3830 4530 3904 4580 ita
3937 4532 4101 4583 reddit
4117 4551 4132 4582 .-

536 4609 726 4663 scimus
759 4613 897 4664 Abel
931 4613 1140 4680 duplam
1176 4620 1361 4670 merito
1396 4615 1664 4686 sumpsiffe
1699 4635 1962 4683 eoronam,
1998 4620 2090 4685 qui
2122 4620 2318 4685 primus
2353 4616 2547 4668 mundo
2574 4611 2746 4682 justus
2783 4615 2956 4667 fuerat
2983 4611 3354 4680 protoplaston
3389 4630 3548 4665 unam
3581 4617 3820 4680 martyrii
3857 4617 4031 4679 fratris
4062 4618 4130 4671 de

538 4699 667 4749 cede
703 4701 918 4764 perae-ti,
956 4706 1115 4767 atque
1147 4703 1317 4770 magis
1355 4706 1574 4758 nitidam
1608 4722 1704 4774 pro
1739 4708 2042 4773 virginitate
2078 4703 2376 4758 secundam.
2462 4702 2768 4754 Wernlzerus
2801 4718 2919 4753 vero
2955 4701 3128 4752 habet:
3181 4706 3274 4766 got
3304 4693 3398 4751 il'te
3434 4703 3502 4750 im
3539 4701 3712 4766 geben
3763 4717 3825 4752 ze
3861 4702 3981 4754 Idne
4016 4707 4128 4755 awo

539 4785 753 4850 guldine
788 4788 1011 4852 chr-one,
1058 4803 1163 4839 von
1200 4789 1292 4840 der
1327 4794 1508 4842 martir
1541 4795 1685 4855 eine,
1735 4793 1819 4845 die
1854 4792 2015 4845 ander
2064 4792 2161 4843 daz
2207 4807 2260 4842 er
2295 4790 2443 4841 reine
2477 4793 2575 4839 unt
2604 4789 2936 4840 unbewollen
2973 4802 3106 4840 was:
3161 4787 3258 4838 daz
3293 4788 3363 4838 ist
3395 4787 3465 4837 da
3500 4802 3555 4838 er
3591 4788 3716 4837 mite
3750 4803 3900 4854 guas.

537 4870 630 4934 96)
664 4876 733 4926 Et
766 4875 970 4926 Abelem
1006 4882 1052 4925 et
1084 4875 1259 4926 Etiam
1291 4876 1509 4943 virginee
1541 4880 1784 4930 mansisse
1815 4879 1960 4930 nullo
1993 4878 2276 4945 scripturae
2309 4891 2488 4927 sacrae
2522 4875 2627 4925 loco
2653 4874 2921 4941 probatur,
2958 4874 3046 4925 sed
3079 4874 3202 4924 haec
3235 4872 3402 4939 opinio
3435 4880 3507 4923 est
3532 4873 3887 4938 posteriorum,
3921 4875 4131 4942 virgini·

536 4962 652 5013 tatis
686 4962 916 5028 eaeevnpla
947 4961 1064 5026 jam
1107 4962 1240 5013 inter
1271 4962 1493 5014 homines
1532 4965 1710 5015 veteris
1749 4963 2029 5016 testamenti
2072 4963 2437 5032 quaerentium.
2506 4960 2858 5028 Hieronymus
2900 4961 2962 5011 de
2998 4960 3168 5011 Abelis
3199 4958 3484 5026 virginitate
3524 4958 3655 5009 nihil
3697 4958 3884 5012 habere
3915 4961 4130 5024 videtur,

538 5047 626 5098 sed
659 5047 832 5100 ffliam
864 5056 1005 5099 vocat
1038 5048 1281 5115 viryinem
1312 5047 1370 5098 in
1401 5049 1614 5115 epistola
1645 5051 1708 5100 de
1742 5051 1968 5102 custodia
1998 5049 2303 5118 virqinitatie
2337 5047 2408 5099 ad
2440 5046 2769 5098 Eustochium
2804 5046 2907 5113 (ed.
2943 5046 3160 5097 Vallars.
3181 5063 3257 5112 ep.
3276 5045 3345 5099 22
3379 5053 3494 5096 tom.
3520 5043 3546 5098 1
3585 5044 3674 5096 ool.
3700 5041 3796 5097 104
3815 5046 3970 5109 med.)
4005 5064 4128 5099 euu-

536 5134 747 5200 demque
781 5134 1107 5201 Epiphanius
1141 5135 1283 5186 haer.
1304 5131 1387 5196 79,
1405 5135 1439 5187 5
1476 5134 1578 5201 (ed.
1610 5135 1781 5186 Petav.
1803 5130 1938 5188 1062
1955 5134 2049 5200 Β).
2258 5131 2348 5199 97)
2396 5133 2539 5196 Quae
2573 5134 2665 5186 hoc
2697 5134 2858 5201 eapite
2891 5140 3181 5183 narrantur
3214 5148 3377 5197 neque
3409 5132 3739 5182 inveniuntur
3772 5132 3829 5182 in
3858 5142 4128 5198 protevcm·

533 5221 664 5286 qelio
696 5220 872 5272 Jacobi
904 5238 1066 5288 neque
1098 5221 1156 5271 in
1189 5221 1317 5272 libro
1350 5220 1413 5272 de
1445 5221 1704 5272 nativitate
1739 5221 1963 5273 Mariae.
1999 5231 2225 5274 nostrum
2259 5220 2446 5271 librum
2479 5220 2824 5288 apocryphmn
2870 5236 2895 5270 e
2929 5228 3192 5285 poetarum
3224 5235 3434 5271 numero
3479 5218 3633 5270 secuti
3664 5226 3782 5269 simt
3815 5219 4129 5273 Hrodsvitlza

540 5307 640 5368 (ed.
675 5308 833 5372 princ.
855 5307 996 5368 dir.)
1033 5317 1080 5359 et
1131 5308 1433 5360 kaerm
1457 5307 1724 5373 presbyter
1759 5303 1901 5371 (165,
1936 5306 2008 5362 30
2028 5335 2087 5345 -
2115 5304 2230 5370 167,
2268 5303 2373 5374 20),
2409 5307 2628 5358 alim-um
2661 5306 2854 5357 nullus.
3002 5303 3095 5364 98)
3132 5302 3208 5357 est
3230 5305 3638 5374 superscriptum.
3775 5303 3871 5372 99)
3899 5308 4128 5359 Mariam

3610 5407 3688 5472 3.
