<?xml version="1.0" encoding="UTF-8"?>
<!DOCTYPE html PUBLIC "-//W3C//DTD XHTML 1.0 Transitional//EN"
    "http://www.w3.org/TR/xhtml1/DTD/xhtml1-transitional.dtd">
<html xmlns="http://www.w3.org/1999/xhtml" xml:lang="en" lang="en">
 <head>
  <title>
</title>
<meta http-equiv="Content-Type" content="text/html;charset=utf-8" />
  <meta name='ocr-system' content='tesseract 3.04.00' />
  <meta name='ocr-capabilities' content='ocr_page ocr_carea ocr_par ocr_line ocrx_word'/>
</head>
<body>
  <div class='ocr_page' id='page_1' title='image "./liberdeinfantia00landgoog/liberdeinfantia00landgoog_0010.png"; bbox 0 0 5242 6280; ppageno 0'>
   <div class='ocr_carea' id='block_1_1' title="bbox 2897 746 2953 813">
    <p class='ocr_par' dir='ltr' id='par_1_1' title="bbox 2897 746 2953 813">
     <span class='ocr_line' id='line_1_1' title="bbox 2897 746 2953 813; baseline 0 0"><span class='ocrx_word' id='word_1_1' title='bbox 2897 746 2953 813; x_wconf 74' lang='lat' dir='ltr'><strong>li</strong></span> 
     </span>
    </p>
   </div>
   <div class='ocr_carea' id='block_1_2' title="bbox 2813 833 3184 844">
    <p class='ocr_par' dir='ltr' id='par_1_2' title="bbox 2813 833 3184 844">
     <span class='ocr_line' id='line_1_2' title="bbox 2813 833 3184 844; baseline 0 5436"><span class='ocrx_word' id='word_1_2' title='bbox 2813 833 3184 844; x_wconf 95' lang='lat' dir='ltr'><strong> </strong></span> 
     </span>
    </p>
   </div>
   <div class='ocr_carea' id='block_1_3' title="bbox 1130 944 4745 5318">
    <p class='ocr_par' dir='ltr' id='par_1_3' title="bbox 1130 944 4728 1879">
     <span class='ocr_line' id='line_1_3' title="bbox 1139 944 4728 1037; baseline -0.007 -13"><span class='ocrx_word' id='word_1_3' title='bbox 1139 972 1321 1024; x_wconf 66' lang='lat' dir='ltr'><strong>{bidem</strong></span> <span class='ocrx_word' id='word_1_4' title='bbox 1353 967 1529 1037; x_wconf 62' lang='lat' dir='ltr'><strong>legisse</strong></span> <span class='ocrx_word' id='word_1_5' title='bbox 1561 964 1793 1025; x_wconf 73' lang='lat' dir='ltr'><strong>recoluit,</strong></span> <span class='ocrx_word' id='word_1_6' title='bbox 1836 963 2005 1031; x_wconf 73' lang='lat' dir='ltr'><strong>primo</strong></span> <span class='ocrx_word' id='word_1_7' title='bbox 2037 971 2244 1031; x_wconf 71' lang='lat' dir='ltr'><strong>roqatus</strong></span> <span class='ocrx_word' id='word_1_8' title='bbox 2277 959 2619 1027; x_wconf 54' lang='lat' dir='ltr'><strong>tramoeipoit:</strong></span> <span class='ocrx_word' id='word_1_9' title='bbox 2675 973 2812 1025; x_wconf 89' lang='lat' dir='ltr'><strong>quae</strong></span> <span class='ocrx_word' id='word_1_10' title='bbox 2845 956 3057 1025; x_wconf 88' lang='lat' dir='ltr'><strong>quidem</strong></span> <span class='ocrx_word' id='word_1_11' title='bbox 3103 953 3269 1007; x_wconf 89' lang='lat' dir='ltr'><strong>obiter</strong></span> <span class='ocrx_word' id='word_1_12' title='bbox 3312 958 3513 1004; x_wconf 85' lang='lat' dir='ltr'><strong>tantum</strong></span> <span class='ocrx_word' id='word_1_13' title='bbox 3551 949 3812 1017; x_wconf 84' lang='lat' dir='ltr'><strong>quadrant</strong></span> <span class='ocrx_word' id='word_1_14' title='bbox 3857 948 3928 1000; x_wconf 85' lang='lat' dir='ltr'><strong>ad</strong></span> <span class='ocrx_word' id='word_1_15' title='bbox 3959 949 4051 1001; x_wconf 85' lang='lat' dir='ltr'><strong>illa</strong></span> <span class='ocrx_word' id='word_1_16' title='bbox 4094 950 4152 1001; x_wconf 77' lang='lat' dir='ltr'><strong>in</strong></span> <span class='ocrx_word' id='word_1_17' title='bbox 4186 956 4432 1016; x_wconf 75' lang='lat' dir='ltr'><strong>quantum</strong></span> <span class='ocrx_word' id='word_1_18' title='bbox 4466 944 4728 999; x_wconf 77' lang='lat' dir='ltr'><strong>reeordari</strong></span> 
     </span>
     <span class='ocr_line' id='line_1_4' title="bbox 1130 1034 4723 1123; baseline -0.006 -15"><span class='ocrx_word' id='word_1_19' title='bbox 1130 1073 1362 1123; x_wconf 76' lang='lat' dir='ltr'><strong>possum,</strong></span> <span class='ocrx_word' id='word_1_20' title='bbox 1416 1071 1551 1121; x_wconf 87' lang='lat' dir='ltr'><strong>quae</strong></span> <span class='ocrx_word' id='word_1_21' title='bbox 1593 1054 1842 1118; x_wconf 80' lang='lat' dir='ltr'><strong>leguntur</strong></span> <span class='ocrx_word' id='word_1_22' title='bbox 1883 1048 2023 1115; x_wconf 88' lang='lat' dir='ltr'><strong>apud</strong></span> <span class='ocrx_word' id='word_1_23' title='bbox 2056 1049 2266 1103; x_wconf 84' lang='lat' dir='ltr'><strong>Fabric.</strong></span> <span class='ocrx_word' id='word_1_24' title='bbox 2290 1044 2414 1111; x_wconf 88' lang='grc'><strong>1,1,</strong></span> <span class='ocrx_word' id='word_1_25' title='bbox 2439 1042 2507 1098; x_wconf 91' lang='grc'><strong>10</strong></span> <span class='ocrx_word' id='word_1_26' title='bbox 2542 1050 2596 1096; x_wconf 89' lang='lat' dir='ltr'><strong>et</strong></span> <span class='ocrx_word' id='word_1_27' title='bbox 2630 1060 2715 1111; x_wconf 87' lang='lat' dir='ltr'><strong>ap.</strong></span> <span class='ocrx_word' id='word_1_28' title='bbox 2752 1042 2978 1095; x_wconf 84' lang='lat' dir='ltr'><strong>Vallars.</strong></span> <span class='ocrx_word' id='word_1_29' title='bbox 3005 1039 3088 1106; x_wconf 87' lang='grc'><strong>11,</strong></span> <span class='ocrx_word' id='word_1_30' title='bbox 3107 1036 3277 1103; x_wconf 64' lang='lat'><strong>2382</strong></span> <span class='ocrx_word' id='word_1_31' title='bbox 3311 1040 3400 1090; x_wconf 83' lang='lat' dir='ltr'><strong>fin.</strong></span> <span class='ocrx_word' id='word_1_32' title='bbox 3446 1042 3651 1105; x_wconf 82' lang='lat' dir='ltr'><strong>sumpta</strong></span> <span class='ocrx_word' id='word_1_33' title='bbox 3696 1036 3920 1088; x_wconf 79' lang='lat' dir='ltr'><strong>fortasse</strong></span> <span class='ocrx_word' id='word_1_34' title='bbox 3962 1041 4084 1087; x_wconf 89' lang='lat' dir='ltr'><strong>sunt</strong></span> <span class='ocrx_word' id='word_1_35' title='bbox 4135 1050 4197 1086; x_wconf 84' lang='lat' dir='ltr'><strong>ex</strong></span> <span class='ocrx_word' id='word_1_36' title='bbox 4243 1035 4347 1086; x_wconf 88' lang='lat' dir='ltr'><strong>alio</strong></span> <span class='ocrx_word' id='word_1_37' title='bbox 4392 1034 4484 1086; x_wconf 91' lang='lat' dir='ltr'><strong>illo</strong></span> <span class='ocrx_word' id='word_1_38' title='bbox 4534 1035 4622 1100; x_wconf 88' lang='lat' dir='ltr'><strong>qui</strong></span> <span class='ocrx_word' id='word_1_39' title='bbox 4669 1036 4723 1085; x_wconf 88' lang='lat' dir='ltr'><strong>in</strong></span> 
     </span>
     <span class='ocr_line' id='line_1_5' title="bbox 1136 1118 4721 1203; baseline -0.007 -10"><span class='ocrx_word' id='word_1_40' title='bbox 1136 1142 1495 1193; x_wconf 74' lang='lat' dir='ltr'><strong>Laurentiano</strong></span> <span class='ocrx_word' id='word_1_41' title='bbox 1528 1138 1756 1190; x_wconf 89' lang='lat' dir='ltr'><strong>occurrit</strong></span> <span class='ocrx_word' id='word_1_42' title='bbox 1787 1134 2028 1203; x_wconf 74' lang='lat' dir='ltr'><strong>prologo.</strong></span> <span class='ocrx_word' id='word_1_43' title='bbox 2087 1137 2278 1187; x_wconf 84' lang='lat' dir='ltr'><strong>Petrus</strong></span> <span class='ocrx_word' id='word_1_44' title='bbox 2313 1131 2379 1185; x_wconf 90' lang='lat' dir='ltr'><strong>de</strong></span> <span class='ocrx_word' id='word_1_45' title='bbox 2401 1131 2678 1184; x_wconf 81' lang='lat' dir='ltr'><strong>Natalibus</strong></span> <span class='ocrx_word' id='word_1_46' title='bbox 2711 1129 2907 1182; x_wconf 90' lang='lat' dir='ltr'><strong>eisdem</strong></span> <span class='ocrx_word' id='word_1_47' title='bbox 2942 1127 3054 1179; x_wconf 80' lang='lat' dir='ltr'><strong>fere</strong></span> <span class='ocrx_word' id='word_1_48' title='bbox 3086 1126 3265 1178; x_wconf 86' lang='lat' dir='ltr'><strong>verbis</strong></span> <span class='ocrx_word' id='word_1_49' title='bbox 3298 1130 3457 1190; x_wconf 90' lang='lat' dir='ltr'><strong>atque</strong></span> <span class='ocrx_word' id='word_1_50' title='bbox 3480 1123 3716 1174; x_wconf 79' lang='lat' dir='ltr'><strong>Jacobus</strong></span> <span class='ocrx_word' id='word_1_51' title='bbox 3741 1137 3775 1173; x_wconf 90' lang='lat' dir='ltr'><strong>a</strong></span> <span class='ocrx_word' id='word_1_52' title='bbox 3797 1121 3923 1173; x_wconf 84' lang='lat' dir='ltr'><strong>Vor.</strong></span> <span class='ocrx_word' id='word_1_53' title='bbox 3957 1121 4149 1172; x_wconf 86' lang='lat' dir='ltr'><strong>fontem</strong></span> <span class='ocrx_word' id='word_1_54' title='bbox 4185 1137 4335 1173; x_wconf 89' lang='lat' dir='ltr'><strong>suum</strong></span> <span class='ocrx_word' id='word_1_55' title='bbox 4370 1121 4585 1182; x_wconf 89' lang='lat' dir='ltr'><strong>indicat,</strong></span> <span class='ocrx_word' id='word_1_56' title='bbox 4626 1118 4721 1172; x_wconf 89' lang='lat' dir='ltr'><strong>sed</strong></span> 
     </span>
     <span class='ocr_line' id='line_1_6' title="bbox 1138 1204 4727 1293; baseline -0.005 -15"><span class='ocrx_word' id='word_1_57' title='bbox 1138 1235 1259 1293; x_wconf 86' lang='lat' dir='ltr'><strong>post</strong></span> <span class='ocrx_word' id='word_1_58' title='bbox 1290 1225 1507 1278; x_wconf 87' lang='lat' dir='ltr'><strong>verbum</strong></span> <span class='ocrx_word' id='word_1_59' title='bbox 1547 1222 1738 1291; x_wconf 67' lang='lat' dir='ltr'><strong>rogatis</strong></span> <span class='ocrx_word' id='word_1_60' title='bbox 1782 1222 1930 1275; x_wconf 88' lang='lat' dir='ltr'><strong>addit</strong></span> <span class='ocrx_word' id='word_1_61' title='bbox 1968 1221 2250 1274; x_wconf 64' lang='lat' dir='ltr'><strong>Cha-omerio</strong></span> <span class='ocrx_word' id='word_1_62' title='bbox 2294 1226 2340 1271; x_wconf 74' lang='lat' dir='ltr'><strong>et</strong></span> <span class='ocrx_word' id='word_1_63' title='bbox 2375 1216 2652 1269; x_wconf 75' lang='lat' dir='ltr'><strong>Heliodoro</strong></span> <span class='ocrx_word' id='word_1_64' title='bbox 2686 1213 2940 1283; x_wconf 74' lang='lat' dir='ltr'><strong>episcopis.</strong></span> <span class='ocrx_word' id='word_1_65' title='bbox 2986 1218 3217 1264; x_wconf 82' lang='lat' dir='ltr'><strong>ceterum</strong></span> <span class='ocrx_word' id='word_1_66' title='bbox 3251 1212 3630 1275; x_wconf 77' lang='lat' dir='ltr'><strong>Hieronymum</strong></span> <span class='ocrx_word' id='word_1_67' title='bbox 3686 1208 3840 1274; x_wconf 84' lang='lat' dir='ltr'><strong>hujus</strong></span> <span class='ocrx_word' id='word_1_68' title='bbox 3894 1221 4100 1273; x_wconf 87' lang='lat' dir='ltr'><strong>quoque</strong></span> <span class='ocrx_word' id='word_1_69' title='bbox 4150 1206 4270 1258; x_wconf 84' lang='lat' dir='ltr'><strong>libri</strong></span> <span class='ocrx_word' id='word_1_70' title='bbox 4322 1216 4587 1262; x_wconf 89' lang='lat' dir='ltr'><strong>auctorem</strong></span> <span class='ocrx_word' id='word_1_71' title='bbox 4640 1204 4727 1260; x_wconf 84' lang='lat' dir='ltr'><strong>vel</strong></span> 
     </span>
     <span class='ocr_line' id='line_1_7' title="bbox 1139 1292 4724 1377; baseline -0.006 -14"><span class='ocrx_word' id='word_1_72' title='bbox 1139 1317 1473 1377; x_wconf 76' lang='lat' dir='ltr'><strong>interpretem</strong></span> <span class='ocrx_word' id='word_1_73' title='bbox 1509 1309 1688 1361; x_wconf 78' lang='lat' dir='ltr'><strong>fictum</strong></span> <span class='ocrx_word' id='word_1_74' title='bbox 1725 1324 1844 1360; x_wconf 90' lang='lat' dir='ltr'><strong>esse</strong></span> <span class='ocrx_word' id='word_1_75' title='bbox 1879 1309 2063 1374; x_wconf 77' lang='lat' dir='ltr'><strong>negari</strong></span> <span class='ocrx_word' id='word_1_76' title='bbox 2096 1310 2291 1374; x_wconf 89' lang='lat' dir='ltr'><strong>nequit.</strong></span> <span class='ocrx_word' id='word_1_77' title='bbox 2362 1304 2600 1368; x_wconf 81' lang='lat' dir='ltr'><strong>Scriptus</strong></span> <span class='ocrx_word' id='word_1_78' title='bbox 2636 1302 2843 1353; x_wconf 86' lang='lat' dir='ltr'><strong>videtur</strong></span> <span class='ocrx_word' id='word_1_79' title='bbox 2878 1299 2966 1349; x_wconf 91' lang='lat' dir='ltr'><strong>hic</strong></span> <span class='ocrx_word' id='word_1_80' title='bbox 2998 1298 3133 1349; x_wconf 87' lang='lat' dir='ltr'><strong>liber</strong></span> <span class='ocrx_word' id='word_1_81' title='bbox 3165 1304 3287 1362; x_wconf 90' lang='lat' dir='ltr'><strong>post</strong></span> <span class='ocrx_word' id='word_1_82' title='bbox 3319 1298 3461 1349; x_wconf 89' lang='lat' dir='ltr'><strong>illum</strong></span> <span class='ocrx_word' id='word_1_83' title='bbox 3500 1294 3565 1347; x_wconf 89' lang='lat' dir='ltr'><strong>de</strong></span> <span class='ocrx_word' id='word_1_84' title='bbox 3601 1309 3705 1360; x_wconf 90' lang='lat' dir='ltr'><strong>quo</strong></span> <span class='ocrx_word' id='word_1_85' title='bbox 3743 1295 3840 1346; x_wconf 90' lang='lat' dir='ltr'><strong>sub</strong></span> <span class='ocrx_word' id='word_1_86' title='bbox 3866 1293 3922 1344; x_wconf 87' lang='lat'><strong>11</strong></span> <span class='ocrx_word' id='word_1_87' title='bbox 3961 1292 4356 1358; x_wconf 75' lang='lat' dir='ltr'><strong>disputavimus,</strong></span> <span class='ocrx_word' id='word_1_88' title='bbox 4394 1300 4448 1346; x_wconf 87' lang='lat' dir='ltr'><strong>et</strong></span> <span class='ocrx_word' id='word_1_89' title='bbox 4484 1310 4724 1347; x_wconf 85' lang='lat' dir='ltr'><strong>sermone</strong></span> 
     </span>
     <span class='ocr_line' id='line_1_8' title="bbox 1140 1377 4723 1462; baseline -0.006 -13"><span class='ocrx_word' id='word_1_90' title='bbox 1140 1406 1193 1450; x_wconf 90' lang='lat' dir='ltr'><strong>et</strong></span> <span class='ocrx_word' id='word_1_91' title='bbox 1227 1398 1388 1449; x_wconf 87' lang='lat' dir='ltr'><strong>rebus</strong></span> <span class='ocrx_word' id='word_1_92' title='bbox 1423 1395 1674 1462; x_wconf 78' lang='lat' dir='ltr'><strong>majorem</strong></span> <span class='ocrx_word' id='word_1_93' title='bbox 1710 1396 2074 1460; x_wconf 67' lang='lat' dir='ltr'><strong>antiquitatem</strong></span> <span class='ocrx_word' id='word_1_94' title='bbox 2109 1394 2396 1458; x_wconf 87' lang='lat' dir='ltr'><strong>sapientem</strong></span> <span class='ocrx_word' id='word_1_95' title='bbox 2418 1425 2432 1452; x_wconf 89' lang='lat'>‚</span> <span class='ocrx_word' id='word_1_96' title='bbox 2482 1389 2539 1440; x_wconf 89' lang='lat' dir='ltr'><strong>id</strong></span> <span class='ocrx_word' id='word_1_97' title='bbox 2575 1387 2716 1452; x_wconf 90' lang='lat' dir='ltr'><strong>quod</strong></span> <span class='ocrx_word' id='word_1_98' title='bbox 2750 1391 2893 1438; x_wconf 87' lang='lat' dir='ltr'><strong>recte</strong></span> <span class='ocrx_word' id='word_1_99' title='bbox 2936 1384 3068 1435; x_wconf 87' lang='lat' dir='ltr'><strong>vidit</strong></span> <span class='ocrx_word' id='word_1_100' title='bbox 3102 1382 3527 1435; x_wconf 84' lang='lat' dir='ltr'><strong>Tischendorfius</strong></span> <span class='ocrx_word' id='word_1_101' title='bbox 3584 1383 3640 1432; x_wconf 92' lang='lat' dir='ltr'><strong>in</strong></span> <span class='ocrx_word' id='word_1_102' title='bbox 3674 1380 3807 1447; x_wconf 89' lang='lat' dir='ltr'><strong>prol.</strong></span> <span class='ocrx_word' id='word_1_103' title='bbox 3843 1397 3894 1446; x_wconf 88' lang='lat' dir='ltr'><strong>p.</strong></span> <span class='ocrx_word' id='word_1_104' title='bbox 3930 1377 4161 1439; x_wconf 84' lang='lat' dir='ltr'>XXXII,</span> <span class='ocrx_word' id='word_1_105' title='bbox 4213 1394 4319 1429; x_wconf 90' lang='lat' dir='ltr'><strong>non</strong></span> <span class='ocrx_word' id='word_1_106' title='bbox 4354 1382 4465 1432; x_wconf 87' lang='lat' dir='ltr'><strong>sine</strong></span> <span class='ocrx_word' id='word_1_107' title='bbox 4499 1379 4723 1446; x_wconf 87' lang='lat' dir='ltr'><strong>quodam</strong></span> 
     </span>
     <span class='ocr_line' id='line_1_9' title="bbox 1140 1465 4723 1547; baseline -0.005 -13"><span class='ocrx_word' id='word_1_108' title='bbox 1140 1484 1283 1534; x_wconf 90' lang='lat' dir='ltr'><strong>illius</strong></span> <span class='ocrx_word' id='word_1_109' title='bbox 1320 1487 1581 1547; x_wconf 85' lang='lat' dir='ltr'><strong>respectu,</strong></span> <span class='ocrx_word' id='word_1_110' title='bbox 1614 1487 1774 1532; x_wconf 85' lang='lat' dir='ltr'><strong>caute</strong></span> <span class='ocrx_word' id='word_1_111' title='bbox 1811 1495 2016 1531; x_wconf 88' lang='lat' dir='ltr'><strong>errores</strong></span> <span class='ocrx_word' id='word_1_112' title='bbox 2050 1479 2190 1529; x_wconf 90' lang='lat' dir='ltr'><strong>illius</strong></span> <span class='ocrx_word' id='word_1_113' title='bbox 2226 1476 2523 1528; x_wconf 88' lang='lat' dir='ltr'><strong>haereticos</strong></span> <span class='ocrx_word' id='word_1_114' title='bbox 2558 1472 2683 1525; x_wconf 84' lang='lat' dir='ltr'><strong>fidei</strong></span> <span class='ocrx_word' id='word_1_115' title='bbox 2719 1471 3013 1524; x_wconf 88' lang='lat' dir='ltr'><strong>catholicae</strong></span> <span class='ocrx_word' id='word_1_116' title='bbox 3046 1474 3399 1536; x_wconf 73' lang='lat' dir='ltr'><strong>repugnantes</strong></span> <span class='ocrx_word' id='word_1_117' title='bbox 3434 1468 3724 1528; x_wconf 79' lang='lat' dir='ltr'><strong>eliminans,</strong></span> <span class='ocrx_word' id='word_1_118' title='bbox 3759 1471 3820 1516; x_wconf 90' lang='lat' dir='ltr'><strong>ut</strong></span> <span class='ocrx_word' id='word_1_119' title='bbox 3841 1465 4066 1531; x_wconf 85' lang='lat' dir='ltr'><strong>Josephi</strong></span> <span class='ocrx_word' id='word_1_120' title='bbox 4100 1466 4243 1531; x_wconf 89' lang='lat' dir='ltr'><strong>prius</strong></span> <span class='ocrx_word' id='word_1_121' title='bbox 4268 1466 4568 1533; x_wconf 71' lang='lat' dir='ltr'><strong>conjugium</strong></span> <span class='ocrx_word' id='word_1_122' title='bbox 4604 1481 4723 1532; x_wconf 88' lang='lat' dir='ltr'><strong>pro·</strong></span> 
     </span>
     <span class='ocr_line' id='line_1_10' title="bbox 1140 1546 4727 1634; baseline -0.005 -14"><span class='ocrx_word' id='word_1_123' title='bbox 1140 1576 1448 1634; x_wconf 77' lang='lat' dir='ltr'><strong>creatusque</strong></span> <span class='ocrx_word' id='word_1_124' title='bbox 1484 1581 1545 1617; x_wconf 84' lang='lat' dir='ltr'><strong>ex</strong></span> <span class='ocrx_word' id='word_1_125' title='bbox 1584 1580 1648 1617; x_wconf 94' lang='lat' dir='ltr'><strong>eo</strong></span> <span class='ocrx_word' id='word_1_126' title='bbox 1682 1565 1819 1617; x_wconf 83' lang='lat' dir='ltr'><strong>filios</strong></span> <span class='ocrx_word' id='word_1_127' title='bbox 1855 1563 1991 1631; x_wconf 87' lang='lat' dir='ltr'><strong>(cap.</strong></span> <span class='ocrx_word' id='word_1_128' title='bbox 2010 1561 2046 1615; x_wconf 94' lang='grc'><strong>8</strong></span> <span class='ocrx_word' id='word_1_129' title='bbox 2079 1563 2315 1616; x_wconf 85' lang='lat' dir='ltr'><strong>Tiscbdt&#39;.</strong></span> <span class='ocrx_word' id='word_1_130' title='bbox 2347 1577 2398 1628; x_wconf 86' lang='lat' dir='ltr'><strong>p.</strong></span> <span class='ocrx_word' id='word_1_131' title='bbox 2425 1557 2521 1613; x_wconf 91' lang='grc'><strong>111</strong></span> <span class='ocrx_word' id='word_1_132' title='bbox 2551 1575 2630 1627; x_wconf 88' lang='lat' dir='ltr'><strong>sq.</strong></span> <span class='ocrx_word' id='word_1_133' title='bbox 2666 1557 2786 1610; x_wconf 90' lang='lat' dir='ltr'><strong>coll.</strong></span> <span class='ocrx_word' id='word_1_134' title='bbox 2823 1574 2871 1613; x_wconf 92' lang='lat' dir='ltr'><strong>c.</strong></span> <span class='ocrx_word' id='word_1_135' title='bbox 2904 1557 3047 1608; x_wconf 90' lang='lat' dir='ltr'><strong>illius</strong></span> <span class='ocrx_word' id='word_1_136' title='bbox 3080 1570 3201 1620; x_wconf 77' lang='lat' dir='ltr'><strong>cap.</strong></span> <span class='ocrx_word' id='word_1_137' title='bbox 3226 1553 3262 1607; x_wconf 94' lang='grc'><strong>8</strong></span> <span class='ocrx_word' id='word_1_138' title='bbox 3296 1552 3531 1605; x_wconf 80' lang='lat' dir='ltr'><strong>Tischdt&#39;.</strong></span> <span class='ocrx_word' id='word_1_139' title='bbox 3551 1569 3600 1619; x_wconf 91' lang='lat' dir='ltr'><strong>p.</strong></span> <span class='ocrx_word' id='word_1_140' title='bbox 3617 1546 3727 1614; x_wconf 87' lang='grc'><strong>67),</strong></span> <span class='ocrx_word' id='word_1_141' title='bbox 3764 1551 4029 1618; x_wconf 82' lang='lat' dir='ltr'><strong>duplicem</strong></span> <span class='ocrx_word' id='word_1_142' title='bbox 4063 1553 4512 1604; x_wconf 84' lang='lat' dir='ltr'><strong>annuntiationem</strong></span> <span class='ocrx_word' id='word_1_143' title='bbox 4550 1552 4727 1619; x_wconf 77' lang='lat' dir='ltr'><strong>angeli</strong></span> 
     </span>
     <span class='ocr_line' id='line_1_11' title="bbox 1138 1635 4726 1720; baseline -0.005 -14"><span class='ocrx_word' id='word_1_144' title='bbox 1138 1651 1335 1720; x_wconf 81' lang='lat' dir='ltr'><strong>(cap.9</strong></span> <span class='ocrx_word' id='word_1_145' title='bbox 1368 1651 1605 1704; x_wconf 85' lang='lat' dir='ltr'><strong>Tischdt&#39;.</strong></span> <span class='ocrx_word' id='word_1_146' title='bbox 1643 1667 1695 1717; x_wconf 89' lang='lat' dir='ltr'><strong>p.</strong></span> <span class='ocrx_word' id='word_1_147' title='bbox 1725 1647 1824 1703; x_wconf 78' lang='lat'><strong>112</strong></span> <span class='ocrx_word' id='word_1_148' title='bbox 1851 1667 1929 1717; x_wconf 89' lang='lat' dir='ltr'><strong>sq.</strong></span> <span class='ocrx_word' id='word_1_149' title='bbox 1967 1649 2090 1702; x_wconf 91' lang='lat' dir='ltr'><strong>coll.</strong></span> <span class='ocrx_word' id='word_1_150' title='bbox 2136 1666 2182 1702; x_wconf 89' lang='lat' dir='ltr'><strong>c.</strong></span> <span class='ocrx_word' id='word_1_151' title='bbox 2218 1649 2359 1700; x_wconf 88' lang='lat' dir='ltr'><strong>illius</strong></span> <span class='ocrx_word' id='word_1_152' title='bbox 2396 1663 2513 1713; x_wconf 88' lang='lat' dir='ltr'><strong>cap.</strong></span> <span class='ocrx_word' id='word_1_153' title='bbox 2538 1642 2573 1700; x_wconf 81' lang='lat'>9</span> <span class='ocrx_word' id='word_1_154' title='bbox 2623 1643 2856 1697; x_wconf 85' lang='lat' dir='ltr'><strong>Tischdt&#39;.</strong></span> <span class='ocrx_word' id='word_1_155' title='bbox 2882 1639 2954 1695; x_wconf 87' lang='grc'><strong>68</strong></span> <span class='ocrx_word' id='word_1_156' title='bbox 2980 1645 3118 1708; x_wconf 79' lang='lat' dir='ltr'><strong>sq),</strong></span> <span class='ocrx_word' id='word_1_157' title='bbox 3170 1639 3389 1705; x_wconf 84' lang='lat' dir='ltr'><strong>Josephi</strong></span> <span class='ocrx_word' id='word_1_158' title='bbox 3434 1639 3567 1689; x_wconf 89' lang='lat' dir='ltr'><strong>iram</strong></span> <span class='ocrx_word' id='word_1_159' title='bbox 3613 1636 3679 1688; x_wconf 90' lang='lat' dir='ltr'><strong>de</strong></span> <span class='ocrx_word' id='word_1_160' title='bbox 3723 1638 3894 1690; x_wconf 77' lang='lat' dir='ltr'><strong>Maria</strong></span> <span class='ocrx_word' id='word_1_161' title='bbox 3934 1636 4157 1703; x_wconf 77' lang='lat' dir='ltr'><strong>gravida</strong></span> <span class='ocrx_word' id='word_1_162' title='bbox 4202 1636 4344 1704; x_wconf 86' lang='lat' dir='ltr'><strong>(cap.</strong></span> <span class='ocrx_word' id='word_1_163' title='bbox 4382 1635 4447 1690; x_wconf 98' lang='grc'><strong>10</strong></span> <span class='ocrx_word' id='word_1_164' title='bbox 4488 1637 4726 1688; x_wconf 85' lang='lat' dir='ltr'><strong>Tischdt&#39;.</strong></span> 
     </span>
     <span class='ocr_line' id='line_1_12' title="bbox 1141 1723 4723 1806; baseline -0.005 -15"><span class='ocrx_word' id='word_1_165' title='bbox 1141 1758 1193 1806; x_wconf 89' lang='lat' dir='ltr'><strong>p.</strong></span> <span class='ocrx_word' id='word_1_166' title='bbox 1228 1737 1328 1793; x_wconf 75' lang='grc'><strong>113</strong></span> <span class='ocrx_word' id='word_1_167' title='bbox 1347 1756 1425 1804; x_wconf 88' lang='lat' dir='ltr'><strong>sq.</strong></span> <span class='ocrx_word' id='word_1_168' title='bbox 1460 1738 1578 1789; x_wconf 89' lang='lat' dir='ltr'><strong>coll.</strong></span> <span class='ocrx_word' id='word_1_169' title='bbox 1618 1753 1667 1791; x_wconf 90' lang='lat' dir='ltr'><strong>c.</strong></span> <span class='ocrx_word' id='word_1_170' title='bbox 1700 1737 1843 1788; x_wconf 89' lang='lat' dir='ltr'><strong>illius</strong></span> <span class='ocrx_word' id='word_1_171' title='bbox 1881 1751 2000 1802; x_wconf 86' lang='lat' dir='ltr'><strong>cap.</strong></span> <span class='ocrx_word' id='word_1_172' title='bbox 2030 1731 2111 1788; x_wconf 88' lang='grc'><strong>10.</strong></span> <span class='ocrx_word' id='word_1_173' title='bbox 2142 1732 2201 1789; x_wconf 91' lang='grc'><strong>11</strong></span> <span class='ocrx_word' id='word_1_174' title='bbox 2241 1734 2476 1787; x_wconf 81' lang='lat' dir='ltr'><strong>Tischdf.</strong></span> <span class='ocrx_word' id='word_1_175' title='bbox 2511 1750 2562 1800; x_wconf 90' lang='lat' dir='ltr'><strong>p.</strong></span> <span class='ocrx_word' id='word_1_176' title='bbox 2587 1730 2659 1787; x_wconf 83' lang='grc'><strong>69</strong></span> <span class='ocrx_word' id='word_1_177' title='bbox 2689 1731 2815 1799; x_wconf 77' lang='lat' dir='ltr'><strong>sq.):</strong></span> <span class='ocrx_word' id='word_1_178' title='bbox 2868 1743 2974 1796; x_wconf 86' lang='lat' dir='ltr'><strong>qua</strong></span> <span class='ocrx_word' id='word_1_179' title='bbox 3020 1744 3077 1780; x_wconf 88' lang='lat' dir='ltr'><strong>re</strong></span> <span class='ocrx_word' id='word_1_180' title='bbox 3109 1727 3325 1796; x_wconf 89' lang='lat' dir='ltr'><strong>propius</strong></span> <span class='ocrx_word' id='word_1_181' title='bbox 3371 1725 3438 1776; x_wconf 89' lang='lat' dir='ltr'><strong>ad</strong></span> <span class='ocrx_word' id='word_1_182' title='bbox 3486 1739 3551 1775; x_wconf 90' lang='lat' dir='ltr'><strong>ea</strong></span> <span class='ocrx_word' id='word_1_183' title='bbox 3593 1723 3798 1775; x_wconf 87' lang='lat' dir='ltr'><strong>accedit</strong></span> <span class='ocrx_word' id='word_1_184' title='bbox 3841 1739 3977 1791; x_wconf 88' lang='lat' dir='ltr'><strong>quae</strong></span> <span class='ocrx_word' id='word_1_185' title='bbox 4019 1726 4074 1775; x_wconf 89' lang='lat' dir='ltr'><strong>in</strong></span> <span class='ocrx_word' id='word_1_186' title='bbox 4120 1724 4417 1792; x_wconf 79' lang='lat' dir='ltr'><strong>evangeliis</strong></span> <span class='ocrx_word' id='word_1_187' title='bbox 4454 1725 4723 1775; x_wconf 86' lang='lat' dir='ltr'><strong>canonicis</strong></span> 
     </span>
     <span class='ocr_line' id='line_1_13' title="bbox 1147 1830 1442 1879; baseline -0.003 -2"><span class='ocrx_word' id='word_1_188' title='bbox 1147 1830 1442 1879; x_wconf 87' lang='lat' dir='ltr'><strong>narrantur.</strong></span> 
     </span>
    </p>

    <p class='ocr_par' dir='ltr' id='par_1_4' title="bbox 1140 1897 4729 2750">
     <span class='ocr_line' id='line_1_14' title="bbox 1347 1897 4728 1975; baseline -0.004 -13"><span class='ocrx_word' id='word_1_189' title='bbox 1347 1910 1441 1962; x_wconf 86' lang='lat' dir='ltr'><strong>IV.</strong></span> <span class='ocrx_word' id='word_1_190' title='bbox 1492 1898 1847 1975; x_wconf 69' lang='lat' dir='ltr'><strong>Evussoliln</strong></span> <span class='ocrx_word' id='word_1_191' title='bbox 1882 1899 2117 1961; x_wconf 66' lang='lat' dir='ltr'><strong>Thomu</strong></span> <span class='ocrx_word' id='word_1_192' title='bbox 2133 1945 2148 1969; x_wconf 87' lang='lat'><strong>,</strong></span> <span class='ocrx_word' id='word_1_193' title='bbox 2193 1905 2335 1973; x_wconf 88' lang='lat' dir='ltr'><strong>quod</strong></span> <span class='ocrx_word' id='word_1_194' title='bbox 2368 1906 2531 1973; x_wconf 75' lang='lat' dir='ltr'><strong>vulgo</strong></span> <span class='ocrx_word' id='word_1_195' title='bbox 2565 1907 2813 1966; x_wconf 86' lang='lat' dir='ltr'><strong>vocatur,</strong></span> <span class='ocrx_word' id='word_1_196' title='bbox 2862 1900 3114 1953; x_wconf 89' lang='lat' dir='ltr'><strong>miracula</strong></span> <span class='ocrx_word' id='word_1_197' title='bbox 3151 1914 3290 1966; x_wconf 89' lang='lat' dir='ltr'><strong>quae</strong></span> <span class='ocrx_word' id='word_1_198' title='bbox 3323 1898 3450 1949; x_wconf 79' lang='lat' dir='ltr'><strong>fecit</strong></span> <span class='ocrx_word' id='word_1_199' title='bbox 3482 1897 3644 1949; x_wconf 82' lang='lat' dir='ltr'><strong>Jesns</strong></span> <span class='ocrx_word' id='word_1_200' title='bbox 3679 1911 3809 1962; x_wconf 87' lang='lat' dir='ltr'><strong>puer</strong></span> <span class='ocrx_word' id='word_1_201' title='bbox 3851 1897 3919 1948; x_wconf 88' lang='lat' dir='ltr'><strong>ab</strong></span> <span class='ocrx_word' id='word_1_202' title='bbox 3954 1897 4141 1949; x_wconf 85' lang='lat' dir='ltr'><strong>aetatis</strong></span> <span class='ocrx_word' id='word_1_203' title='bbox 4177 1911 4305 1949; x_wconf 81' lang='lat' dir='ltr'><strong>suae</strong></span> <span class='ocrx_word' id='word_1_204' title='bbox 4340 1898 4521 1963; x_wconf 89' lang='lat' dir='ltr'><strong>quinto</strong></span> <span class='ocrx_word' id='word_1_205' title='bbox 4556 1912 4728 1963; x_wconf 89' lang='lat' dir='ltr'><strong>usque</strong></span> 
     </span>
     <span class='ocr_line' id='line_1_15' title="bbox 1143 1982 4721 2059; baseline -0.005 -9"><span class='ocrx_word' id='word_1_206' title='bbox 1143 1998 1214 2050; x_wconf 84' lang='lat' dir='ltr'><strong>ad</strong></span> <span class='ocrx_word' id='word_1_207' title='bbox 1249 1994 1633 2057; x_wconf 86' lang='lat' dir='ltr'><strong>duodecimum,</strong></span> <span class='ocrx_word' id='word_1_208' title='bbox 1667 1991 1789 2042; x_wconf 91' lang='lat' dir='ltr'><strong>dum</strong></span> <span class='ocrx_word' id='word_1_209' title='bbox 1824 1991 2109 2043; x_wconf 79' lang='lat' dir='ltr'><strong>Nazarethi</strong></span> <span class='ocrx_word' id='word_1_210' title='bbox 2141 1992 2286 2059; x_wconf 86' lang='lat' dir='ltr'><strong>apud</strong></span> <span class='ocrx_word' id='word_1_211' title='bbox 2316 1997 2563 2058; x_wconf 87' lang='lat' dir='ltr'><strong>parentes</strong></span> <span class='ocrx_word' id='word_1_212' title='bbox 2600 1988 2761 2054; x_wconf 63' lang='lat' dir='ltr'><strong>degit,</strong></span> <span class='ocrx_word' id='word_1_213' title='bbox 2796 1988 3088 2049; x_wconf 85' lang='lat' dir='ltr'><strong>continens,</strong></span> <span class='ocrx_word' id='word_1_214' title='bbox 3124 2000 3318 2052; x_wconf 74' lang='lat' dir='ltr'><strong>graeco</strong></span> <span class='ocrx_word' id='word_1_215' title='bbox 3342 1997 3582 2036; x_wconf 90' lang='lat' dir='ltr'><strong>sermone</strong></span> <span class='ocrx_word' id='word_1_216' title='bbox 3606 1984 3976 2048; x_wconf 85' lang='lat' dir='ltr'><strong>conscriptum,</strong></span> <span class='ocrx_word' id='word_1_217' title='bbox 4010 1982 4319 2049; x_wconf 68' lang='lat' dir='ltr'><strong>fragmentis</strong></span> <span class='ocrx_word' id='word_1_218' title='bbox 4342 1988 4544 2034; x_wconf 87' lang='lat' dir='ltr'><strong>tantum</strong></span> <span class='ocrx_word' id='word_1_219' title='bbox 4569 1983 4721 2033; x_wconf 90' lang='lat' dir='ltr'><strong>nobis</strong></span> 
     </span>
     <span class='ocr_line' id='line_1_16' title="bbox 1140 2069 4729 2144; baseline -0.004 -9"><span class='ocrx_word' id='word_1_220' title='bbox 1140 2082 1393 2135; x_wconf 86' lang='lat' dir='ltr'><strong>traditum</strong></span> <span class='ocrx_word' id='word_1_221' title='bbox 1439 2085 1535 2131; x_wconf 84' lang='lat' dir='ltr'><strong>est.</strong></span> <span class='ocrx_word' id='word_1_222' title='bbox 1590 2077 1772 2129; x_wconf 89' lang='lat' dir='ltr'><strong>eadem</strong></span> <span class='ocrx_word' id='word_1_223' title='bbox 1819 2076 1928 2130; x_wconf 79' lang='lat' dir='ltr'><strong>fere</strong></span> <span class='ocrx_word' id='word_1_224' title='bbox 1973 2094 2079 2144; x_wconf 89' lang='lat' dir='ltr'><strong>qua</strong></span> <span class='ocrx_word' id='word_1_225' title='bbox 2119 2076 2572 2144; x_wconf 75' lang='lat' dir='ltr'><strong>protevangelium</strong></span> <span class='ocrx_word' id='word_1_226' title='bbox 2621 2074 2815 2126; x_wconf 81' lang='lat' dir='ltr'><strong>Jacobi</strong></span> <span class='ocrx_word' id='word_1_227' title='bbox 2869 2078 2922 2124; x_wconf 91' lang='lat' dir='ltr'><strong>et</strong></span> <span class='ocrx_word' id='word_1_228' title='bbox 2966 2072 3278 2137; x_wconf 73' lang='lat' dir='ltr'><strong>antiquitate</strong></span> <span class='ocrx_word' id='word_1_229' title='bbox 3327 2075 3380 2122; x_wconf 88' lang='lat' dir='ltr'><strong>et</strong></span> <span class='ocrx_word' id='word_1_230' title='bbox 3438 2069 3741 2122; x_wconf 85' lang='lat' dir='ltr'><strong>celebritate</strong></span> <span class='ocrx_word' id='word_1_231' title='bbox 3783 2069 4044 2120; x_wconf 84' lang='lat' dir='ltr'><strong>exstitisse</strong></span> <span class='ocrx_word' id='word_1_232' title='bbox 4095 2074 4214 2135; x_wconf 88' lang='lat' dir='ltr'><strong>post</strong></span> <span class='ocrx_word' id='word_1_233' title='bbox 4258 2070 4530 2123; x_wconf 85' lang='lat' dir='ltr'><strong>Thilonem</strong></span> <span class='ocrx_word' id='word_1_234' title='bbox 4578 2085 4729 2122; x_wconf 90' lang='lat' dir='ltr'><strong>nemo</strong></span> 
     </span>
     <span class='ocr_line' id='line_1_17' title="bbox 1144 2153 4725 2230; baseline -0.004 -10"><span class='ocrx_word' id='word_1_235' title='bbox 1144 2168 1419 2220; x_wconf 87' lang='lat' dir='ltr'><strong>dubitavit.</strong></span> <span class='ocrx_word' id='word_1_236' title='bbox 1473 2169 1640 2216; x_wconf 86' lang='lat' dir='ltr'><strong>testes</strong></span> <span class='ocrx_word' id='word_1_237' title='bbox 1677 2167 1802 2214; x_wconf 90' lang='lat' dir='ltr'><strong>sunt</strong></span> <span class='ocrx_word' id='word_1_238' title='bbox 1834 2163 2074 2229; x_wconf 81' lang='lat' dir='ltr'><strong>inprimis</strong></span> <span class='ocrx_word' id='word_1_239' title='bbox 2098 2163 2361 2230; x_wconf 73' lang='lat' dir='ltr'><strong>Origenes</strong></span> <span class='ocrx_word' id='word_1_240' title='bbox 2393 2162 2646 2214; x_wconf 87' lang='lat' dir='ltr'><strong>Irenaeus</strong></span> <span class='ocrx_word' id='word_1_241' title='bbox 2680 2159 2963 2212; x_wconf 81' lang='lat' dir='ltr'><strong>Eusebius.</strong></span> <span class='ocrx_word' id='word_1_242' title='bbox 3016 2175 3051 2211; x_wconf 89' lang='lat' dir='ltr'><strong>a</strong></span> <span class='ocrx_word' id='word_1_243' title='bbox 3087 2157 3337 2210; x_wconf 79' lang='lat' dir='ltr'><strong>Gnostico</strong></span> <span class='ocrx_word' id='word_1_244' title='bbox 3374 2155 3597 2221; x_wconf 87' lang='lat' dir='ltr'><strong>quodam</strong></span> <span class='ocrx_word' id='word_1_245' title='bbox 3634 2153 3791 2206; x_wconf 89' lang='lat' dir='ltr'><strong>medii</strong></span> <span class='ocrx_word' id='word_1_246' title='bbox 3832 2154 3940 2207; x_wconf 79' lang='lat' dir='ltr'><strong>fere</strong></span> <span class='ocrx_word' id='word_1_247' title='bbox 3975 2155 4140 2206; x_wconf 87' lang='lat' dir='ltr'><strong>seculi</strong></span> <span class='ocrx_word' id='word_1_248' title='bbox 4182 2156 4400 2207; x_wconf 90' lang='lat' dir='ltr'><strong>secundi</strong></span> <span class='ocrx_word' id='word_1_249' title='bbox 4436 2171 4551 2208; x_wconf 89' lang='lat' dir='ltr'><strong>esse</strong></span> <span class='ocrx_word' id='word_1_250' title='bbox 4588 2171 4725 2207; x_wconf 88' lang='lat' dir='ltr'><strong>com·</strong></span> 
     </span>
     <span class='ocr_line' id='line_1_18' title="bbox 1146 2240 4727 2320; baseline -0.003 -14"><span class='ocrx_word' id='word_1_251' title='bbox 1146 2255 1396 2320; x_wconf 84' lang='lat' dir='ltr'><strong>positum,</strong></span> <span class='ocrx_word' id='word_1_252' title='bbox 1431 2252 1546 2317; x_wconf 87' lang='lat' dir='ltr'><strong>ipso</strong></span> <span class='ocrx_word' id='word_1_253' title='bbox 1581 2249 1703 2301; x_wconf 83' lang='lat' dir='ltr'><strong>libri</strong></span> <span class='ocrx_word' id='word_1_254' title='bbox 1735 2254 2071 2316; x_wconf 70' lang='lat' dir='ltr'><strong>argumento,</strong></span> <span class='ocrx_word' id='word_1_255' title='bbox 2107 2249 2470 2301; x_wconf 82' lang='lat' dir='ltr'><strong>miraculorum</strong></span> <span class='ocrx_word' id='word_1_256' title='bbox 2506 2264 2541 2299; x_wconf 90' lang='lat' dir='ltr'><strong>a</strong></span> <span class='ocrx_word' id='word_1_257' title='bbox 2568 2247 2708 2299; x_wconf 84' lang='lat' dir='ltr'><strong>Jesu</strong></span> <span class='ocrx_word' id='word_1_258' title='bbox 2734 2245 2844 2311; x_wconf 86' lang='lat' dir='ltr'><strong>jam</strong></span> <span class='ocrx_word' id='word_1_259' title='bbox 2879 2260 3044 2311; x_wconf 86' lang='lat' dir='ltr'><strong>puero</strong></span> <span class='ocrx_word' id='word_1_260' title='bbox 3079 2248 3401 2310; x_wconf 81' lang='lat' dir='ltr'><strong>patratorum</strong></span> <span class='ocrx_word' id='word_1_261' title='bbox 3439 2246 3630 2292; x_wconf 86' lang='lat' dir='ltr'><strong>natura</strong></span> <span class='ocrx_word' id='word_1_262' title='bbox 3666 2240 4074 2302; x_wconf 87' lang='lat' dir='ltr'><strong>demonstratur,</strong></span> <span class='ocrx_word' id='word_1_263' title='bbox 4109 2241 4299 2294; x_wconf 89' lang='lat' dir='ltr'><strong>deinde</strong></span> <span class='ocrx_word' id='word_1_264' title='bbox 4333 2259 4368 2294; x_wconf 90' lang='lat' dir='ltr'><strong>a</strong></span> <span class='ocrx_word' id='word_1_265' title='bbox 4399 2242 4727 2295; x_wconf 64' lang='lat' dir='ltr'><strong>manichaeis</strong></span> 
     </span>
     <span class='ocr_line' id='line_1_19' title="bbox 1140 2324 4729 2405; baseline -0.003 -14"><span class='ocrx_word' id='word_1_266' title='bbox 1140 2344 1450 2405; x_wconf 79' lang='lat' dir='ltr'><strong>usurpatum</strong></span> <span class='ocrx_word' id='word_1_267' title='bbox 1485 2351 1632 2399; x_wconf 86' lang='lat' dir='ltr'><strong>esse,</strong></span> <span class='ocrx_word' id='word_1_268' title='bbox 1685 2334 1874 2400; x_wconf 76' lang='lat' dir='ltr'><strong>cyrini</strong></span> <span class='ocrx_word' id='word_1_269' title='bbox 1911 2334 2373 2401; x_wconf 78' lang='lat' dir='ltr'><strong>Hierosolymitaui</strong></span> <span class='ocrx_word' id='word_1_270' title='bbox 2417 2339 2472 2386; x_wconf 89' lang='lat' dir='ltr'><strong>et</strong></span> <span class='ocrx_word' id='word_1_271' title='bbox 2503 2331 2767 2385; x_wconf 82' lang='lat' dir='ltr'><strong>Timothei</strong></span> <span class='ocrx_word' id='word_1_272' title='bbox 2798 2329 3096 2398; x_wconf 80' lang='lat' dir='ltr'><strong>presbyteri</strong></span> <span class='ocrx_word' id='word_1_273' title='bbox 3130 2326 3698 2392; x_wconf 74' lang='lat' dir='ltr'><strong>constantinopolitani</strong></span> <span class='ocrx_word' id='word_1_274' title='bbox 3734 2324 3867 2393; x_wconf 79' lang='lat' dir='ltr'><strong>(sec.</strong></span> <span class='ocrx_word' id='word_1_275' title='bbox 3883 2325 3918 2379; x_wconf 88' lang='grc'><strong>6</strong></span> <span class='ocrx_word' id='word_1_276' title='bbox 3953 2325 4089 2391; x_wconf 85' lang='lat' dir='ltr'><strong>init.)</strong></span> <span class='ocrx_word' id='word_1_277' title='bbox 4135 2329 4445 2380; x_wconf 83' lang='lat' dir='ltr'><strong>testimoniis</strong></span> <span class='ocrx_word' id='word_1_278' title='bbox 4495 2343 4729 2395; x_wconf 88' lang='lat' dir='ltr'><strong>compro-</strong></span> 
     </span>
     <span class='ocr_line' id='line_1_20' title="bbox 1142 2412 4728 2489; baseline -0.003 -11"><span class='ocrx_word' id='word_1_279' title='bbox 1142 2428 1317 2489; x_wconf 86' lang='lat' dir='ltr'><strong>batur,</strong></span> <span class='ocrx_word' id='word_1_280' title='bbox 1350 2424 1477 2476; x_wconf 86' lang='lat' dir='ltr'><strong>licet</strong></span> <span class='ocrx_word' id='word_1_281' title='bbox 1508 2437 1604 2488; x_wconf 87' lang='lat' dir='ltr'><strong>per</strong></span> <span class='ocrx_word' id='word_1_282' title='bbox 1636 2435 1848 2471; x_wconf 87' lang='lat' dir='ltr'><strong>cursum</strong></span> <span class='ocrx_word' id='word_1_283' title='bbox 1884 2426 2176 2486; x_wconf 87' lang='lat' dir='ltr'><strong>temporum</strong></span> <span class='ocrx_word' id='word_1_284' title='bbox 2211 2418 2609 2471; x_wconf 84' lang='lat' dir='ltr'><strong>transcribendo</strong></span> <span class='ocrx_word' id='word_1_285' title='bbox 2657 2421 2710 2469; x_wconf 85' lang='lat' dir='ltr'><strong>et</strong></span> <span class='ocrx_word' id='word_1_286' title='bbox 2752 2417 2808 2467; x_wconf 91' lang='lat' dir='ltr'><strong>in</strong></span> <span class='ocrx_word' id='word_1_287' title='bbox 2843 2416 3104 2467; x_wconf 85' lang='lat' dir='ltr'><strong>variorum</strong></span> <span class='ocrx_word' id='word_1_288' title='bbox 3139 2428 3291 2466; x_wconf 89' lang='lat' dir='ltr'><strong>usum</strong></span> <span class='ocrx_word' id='word_1_289' title='bbox 3326 2412 3690 2467; x_wconf 80' lang='lat' dir='ltr'><strong>transferendo</strong></span> <span class='ocrx_word' id='word_1_290' title='bbox 3724 2412 3901 2467; x_wconf 83' lang='lat' dir='ltr'><strong>multis</strong></span> <span class='ocrx_word' id='word_1_291' title='bbox 3935 2412 4128 2474; x_wconf 87' lang='lat' dir='ltr'><strong>modis,</strong></span> <span class='ocrx_word' id='word_1_292' title='bbox 4179 2420 4241 2466; x_wconf 90' lang='lat' dir='ltr'><strong>ut</strong></span> <span class='ocrx_word' id='word_1_293' title='bbox 4273 2430 4357 2465; x_wconf 89' lang='lat' dir='ltr'><strong>res</strong></span> <span class='ocrx_word' id='word_1_294' title='bbox 4392 2414 4516 2477; x_wconf 81' lang='lat' dir='ltr'><strong>fert,</strong></span> <span class='ocrx_word' id='word_1_295' title='bbox 4570 2418 4728 2467; x_wconf 86' lang='lat' dir='ltr'><strong>inter·</strong></span> 
     </span>
     <span class='ocr_line' id='line_1_21' title="bbox 1143 2498 4729 2579; baseline -0.002 -16"><span class='ocrx_word' id='word_1_296' title='bbox 1143 2513 1377 2579; x_wconf 80' lang='lat' dir='ltr'><strong>polatum</strong></span> <span class='ocrx_word' id='word_1_297' title='bbox 1417 2510 1499 2562; x_wconf 88' lang='lat' dir='ltr'><strong>sit.</strong></span> <span class='ocrx_word' id='word_1_298' title='bbox 1555 2506 1707 2573; x_wconf 84' lang='lat' dir='ltr'><strong>cujus</strong></span> <span class='ocrx_word' id='word_1_299' title='bbox 1750 2507 1831 2558; x_wconf 88' lang='lat' dir='ltr'><strong>rei</strong></span> <span class='ocrx_word' id='word_1_300' title='bbox 1873 2511 2035 2557; x_wconf 86' lang='lat' dir='ltr'><strong>testes</strong></span> <span class='ocrx_word' id='word_1_301' title='bbox 2080 2511 2204 2557; x_wconf 88' lang='lat' dir='ltr'><strong>sunt</strong></span> <span class='ocrx_word' id='word_1_302' title='bbox 2248 2503 2458 2556; x_wconf 89' lang='lat' dir='ltr'><strong>codices</strong></span> <span class='ocrx_word' id='word_1_303' title='bbox 2496 2502 2655 2555; x_wconf 85' lang='lat' dir='ltr'><strong>valde</strong></span> <span class='ocrx_word' id='word_1_304' title='bbox 2695 2504 2833 2554; x_wconf 87' lang='lat' dir='ltr'><strong>inter</strong></span> <span class='ocrx_word' id='word_1_305' title='bbox 2875 2516 2935 2552; x_wconf 88' lang='lat' dir='ltr'><strong>se</strong></span> <span class='ocrx_word' id='word_1_306' title='bbox 2976 2500 3377 2561; x_wconf 81' lang='lat' dir='ltr'><strong>dissentientes,</strong></span> <span class='ocrx_word' id='word_1_307' title='bbox 3431 2500 3590 2564; x_wconf 88' lang='lat' dir='ltr'><strong>pauci</strong></span> <span class='ocrx_word' id='word_1_308' title='bbox 3637 2498 3858 2565; x_wconf 89' lang='lat' dir='ltr'><strong>quidem</strong></span> <span class='ocrx_word' id='word_1_309' title='bbox 3907 2514 4189 2565; x_wconf 90' lang='lat' dir='ltr'><strong>eorumque</strong></span> <span class='ocrx_word' id='word_1_310' title='bbox 4236 2499 4342 2552; x_wconf 83' lang='lat' dir='ltr'><strong>duo</strong></span> <span class='ocrx_word' id='word_1_311' title='bbox 4388 2503 4578 2568; x_wconf 87' lang='lat' dir='ltr'><strong>mutili,</strong></span> <span class='ocrx_word' id='word_1_312' title='bbox 4631 2520 4729 2557; x_wconf 91' lang='lat' dir='ltr'><strong>nec</strong></span> 
     </span>
     <span class='ocr_line' id='line_1_22' title="bbox 1143 2584 4726 2658; baseline -0.002 -10"><span class='ocrx_word' id='word_1_313' title='bbox 1143 2595 1498 2657; x_wconf 82' lang='lat' dir='ltr'><strong>vetustissimi,</strong></span> <span class='ocrx_word' id='word_1_314' title='bbox 1533 2592 1790 2645; x_wconf 86' lang='lat' dir='ltr'><strong>decimum</strong></span> <span class='ocrx_word' id='word_1_315' title='bbox 1823 2597 2062 2658; x_wconf 85' lang='lat' dir='ltr'><strong>quartum</strong></span> <span class='ocrx_word' id='word_1_316' title='bbox 2097 2590 2332 2644; x_wconf 88' lang='lat' dir='ltr'><strong>seculum</strong></span> <span class='ocrx_word' id='word_1_317' title='bbox 2367 2604 2475 2641; x_wconf 92' lang='lat' dir='ltr'><strong>non</strong></span> <span class='ocrx_word' id='word_1_318' title='bbox 2514 2592 2843 2657; x_wconf 83' lang='lat' dir='ltr'><strong>superantes.</strong></span> <span class='ocrx_word' id='word_1_319' title='bbox 2895 2586 3031 2639; x_wconf 86' lang='lat' dir='ltr'><strong>duae</strong></span> <span class='ocrx_word' id='word_1_320' title='bbox 3063 2591 3241 2639; x_wconf 90' lang='lat' dir='ltr'><strong>tamen</strong></span> <span class='ocrx_word' id='word_1_321' title='bbox 3285 2587 3623 2638; x_wconf 82' lang='lat' dir='ltr'><strong>recensiones</strong></span> <span class='ocrx_word' id='word_1_322' title='bbox 3669 2584 3956 2637; x_wconf 89' lang='lat' dir='ltr'><strong>secundum</strong></span> <span class='ocrx_word' id='word_1_323' title='bbox 4002 2601 4066 2637; x_wconf 91' lang='lat' dir='ltr'><strong>ea</strong></span> <span class='ocrx_word' id='word_1_324' title='bbox 4109 2601 4244 2651; x_wconf 87' lang='lat' dir='ltr'><strong>quae</strong></span> <span class='ocrx_word' id='word_1_325' title='bbox 4287 2587 4458 2639; x_wconf 79' lang='lat' dir='ltr'><strong>adbuc</strong></span> <span class='ocrx_word' id='word_1_326' title='bbox 4502 2596 4726 2654; x_wconf 81' lang='lat' dir='ltr'><strong>exstant,</strong></span> 
     </span>
     <span class='ocr_line' id='line_1_23' title="bbox 1148 2674 1891 2750; baseline -0.007 -15"><span class='ocrx_word' id='word_1_327' title='bbox 1148 2682 1402 2750; x_wconf 76' lang='lat' dir='ltr'><strong>distingui</strong></span> <span class='ocrx_word' id='word_1_328' title='bbox 1435 2694 1592 2747; x_wconf 86' lang='lat' dir='ltr'><strong>posse</strong></span> <span class='ocrx_word' id='word_1_329' title='bbox 1626 2674 1891 2730; x_wconf 83' lang='lat' dir='ltr'><strong>videntur.</strong></span> 
     </span>
    </p>

    <p class='ocr_par' dir='ltr' id='par_1_5' title="bbox 1147 2757 4740 3946">
     <span class='ocr_line' id='line_1_24' title="bbox 1355 2757 4728 2826; baseline -0.001 -7"><span class='ocrx_word' id='word_1_330' title='bbox 1355 2764 1404 2819; x_wconf 88' lang='lat'><strong>1.</strong></span> <span class='ocrx_word' id='word_1_331' title='bbox 1457 2765 1520 2817; x_wconf 84' lang='lat' dir='ltr'><strong>In</strong></span> <span class='ocrx_word' id='word_1_332' title='bbox 1557 2763 1740 2816; x_wconf 82' lang='lat' dir='ltr'><strong>codice</strong></span> <span class='ocrx_word' id='word_1_333' title='bbox 1772 2762 2061 2814; x_wconf 87' lang='lat' dir='ltr'><strong>Parisiensi</strong></span> <span class='ocrx_word' id='word_1_334' title='bbox 2104 2778 2244 2816; x_wconf 92' lang='lat' dir='ltr'><strong>num.</strong></span> <span class='ocrx_word' id='word_1_335' title='bbox 2270 2761 2376 2819; x_wconf 72' lang='lat'><strong>239</strong></span> <span class='ocrx_word' id='word_1_336' title='bbox 2412 2778 2520 2816; x_wconf 88' lang='lat' dir='ltr'><strong>sec.</strong></span> <span class='ocrx_word' id='word_1_337' title='bbox 2548 2760 2614 2815; x_wconf 75' lang='lat'><strong>15</strong></span> <span class='ocrx_word' id='word_1_338' title='bbox 2662 2760 2944 2812; x_wconf 87' lang='lat' dir='ltr'><strong>chartaceo</strong></span> <span class='ocrx_word' id='word_1_339' title='bbox 2986 2760 3126 2811; x_wconf 83' lang='lat' dir='ltr'><strong>inest</strong></span> <span class='ocrx_word' id='word_1_340' title='bbox 3167 2758 3434 2825; x_wconf 77' lang='lat' dir='ltr'><strong>evangelii</strong></span> <span class='ocrx_word' id='word_1_341' title='bbox 3466 2757 3704 2809; x_wconf 86' lang='lat' dir='ltr'><strong>Thomae</strong></span> <span class='ocrx_word' id='word_1_342' title='bbox 3745 2758 4094 2821; x_wconf 76' lang='lat' dir='ltr'><strong>fragmentum</strong></span> <span class='ocrx_word' id='word_1_343' title='bbox 4144 2757 4274 2826; x_wconf 90' lang='lat' dir='ltr'><strong>(duo</strong></span> <span class='ocrx_word' id='word_1_344' title='bbox 4320 2764 4408 2815; x_wconf 85' lang='lat' dir='ltr'><strong>vel</strong></span> <span class='ocrx_word' id='word_1_345' title='bbox 4452 2766 4556 2816; x_wconf 87' lang='lat' dir='ltr'><strong>tria</strong></span> <span class='ocrx_word' id='word_1_346' title='bbox 4597 2766 4728 2817; x_wconf 83' lang='lat' dir='ltr'><strong>folia</strong></span> 
     </span>
     <span class='ocr_line' id='line_1_25' title="bbox 1148 2841 4729 2918; baseline -0.001 -12"><span class='ocrx_word' id='word_1_347' title='bbox 1148 2855 1366 2918; x_wconf 79' lang='lat' dir='ltr'><strong>desunt3</strong></span> <span class='ocrx_word' id='word_1_348' title='bbox 1417 2851 1603 2904; x_wconf 90' lang='lat' dir='ltr'><strong>titulus</strong></span> <span class='ocrx_word' id='word_1_349' title='bbox 1638 2848 1761 2902; x_wconf 81' lang='lat' dir='ltr'><strong>libri</strong></span> <span class='ocrx_word' id='word_1_350' title='bbox 1804 2854 1886 2900; x_wconf 89' lang='lat' dir='ltr'><strong>est</strong></span> <span class='ocrx_word' id='word_1_351' title='bbox 1918 2843 2099 2916; x_wconf 75' lang='grc' dir='ltr'><strong><em>Λόγος</em></strong></span> <span class='ocrx_word' id='word_1_352' title='bbox 2141 2850 2218 2908; x_wconf 70' lang='grc' dir='ltr'><strong>εἰς</strong></span> <span class='ocrx_word' id='word_1_353' title='bbox 2256 2846 2322 2901; x_wconf 74' lang='grc' dir='ltr'><strong>τὰ</strong></span> <span class='ocrx_word' id='word_1_354' title='bbox 2359 2844 2584 2902; x_wconf 72' lang='grc' dir='ltr'><strong><em>παιδικὰ</em></strong></span> <span class='ocrx_word' id='word_1_355' title='bbox 2634 2844 2727 2898; x_wconf 70' lang='grc' dir='ltr'><strong>καὶ</strong></span> <span class='ocrx_word' id='word_1_356' title='bbox 2767 2845 3032 2914; x_wconf 68' lang='grc' dir='ltr'><strong>μεγαλεῖα</strong></span> <span class='ocrx_word' id='word_1_357' title='bbox 3071 2841 3165 2897; x_wconf 73' lang='grc' dir='ltr'><strong>τοῦ</strong></span> <span class='ocrx_word' id='word_1_358' title='bbox 3191 2845 3396 2915; x_wconf 77' lang='grc' dir='ltr'><strong><em>-κυρίου</em></strong></span> <span class='ocrx_word' id='word_1_359' title='bbox 3440 2842 3533 2895; x_wconf 70' lang='grc' dir='ltr'><strong>καὶ</strong></span> <span class='ocrx_word' id='word_1_360' title='bbox 3573 2842 3802 2911; x_wconf 76' lang='grc' dir='ltr'><strong><em>σωτῆρος</em></strong></span> <span class='ocrx_word' id='word_1_361' title='bbox 3841 2842 3992 2914; x_wconf 72' lang='grc' dir='ltr'><strong>ἡμῶν</strong></span> <span class='ocrx_word' id='word_1_362' title='bbox 4025 2841 4195 2909; x_wconf 72' lang='grc' dir='ltr'><strong><em>Ἰησοῦ</em></strong></span> <span class='ocrx_word' id='word_1_363' title='bbox 4227 2846 4492 2915; x_wconf 72' lang='grc' dir='ltr'><strong><em>Χριστοῦς</em></strong></span> <span class='ocrx_word' id='word_1_364' title='bbox 4545 2854 4729 2918; x_wconf 86' lang='lat' dir='ltr'><strong>incipit</strong></span> 
     </span>
     <span class='ocr_line' id='line_1_26' title="bbox 1147 2929 4729 3008; baseline 0.001 -18"><span class='ocrx_word' id='word_1_365' title='bbox 1147 2938 1478 3008; x_wconf 75' lang='grc' dir='ltr'><strong>Ἀναγγὲλλω</strong></span> <span class='ocrx_word' id='word_1_366' title='bbox 1510 2933 1648 3007; x_wconf 66' lang='grc' dir='ltr'><strong>ὑμῖν</strong></span> <span class='ocrx_word' id='word_1_367' title='bbox 1683 2929 1790 3002; x_wconf 70' lang='grc' dir='ltr'><strong>ἐγὼ</strong></span> <span class='ocrx_word' id='word_1_368' title='bbox 1822 2932 2024 3001; x_wconf 76' lang='grc' dir='ltr'><strong><em>Θωμᾶς</em></strong></span> <span class='ocrx_word' id='word_1_369' title='bbox 2051 2930 2365 3002; x_wconf 73' lang='grc' dir='ltr'><strong><em>Ἰσραελίτης</em></strong></span> <span class='ocrx_word' id='word_1_370' title='bbox 2396 2933 2529 2987; x_wconf 76' lang='grc' dir='ltr'><strong><em>πᾶσι</em></strong></span> <span class='ocrx_word' id='word_1_371' title='bbox 2561 2934 2714 2996; x_wconf 89' lang='lat' dir='ltr'><strong>etc.)‚</strong></span> <span class='ocrx_word' id='word_1_372' title='bbox 2767 2948 2802 2984; x_wconf 91' lang='lat' dir='ltr'><strong>a</strong></span> <span class='ocrx_word' id='word_1_373' title='bbox 2836 2931 3098 2983; x_wconf 83' lang='lat' dir='ltr'><strong>Cotelerio</strong></span> <span class='ocrx_word' id='word_1_374' title='bbox 3133 2931 3297 2997; x_wconf 86' lang='lat' dir='ltr'><strong>primo</strong></span> <span class='ocrx_word' id='word_1_375' title='bbox 3342 2945 3459 2981; x_wconf 91' lang='lat' dir='ltr'><strong>cum</strong></span> <span class='ocrx_word' id='word_1_376' title='bbox 3495 2931 3927 2996; x_wconf 82' lang='lat' dir='ltr'><strong>interpretatione</strong></span> <span class='ocrx_word' id='word_1_377' title='bbox 3962 2931 4126 2984; x_wconf 87' lang='lat' dir='ltr'><strong>latina</strong></span> <span class='ocrx_word' id='word_1_378' title='bbox 4161 2934 4469 3003; x_wconf 76' lang='lat' dir='ltr'><strong>evulgatum</strong></span> <span class='ocrx_word' id='word_1_379' title='bbox 4503 2938 4556 2989; x_wconf 91' lang='lat' dir='ltr'><strong>in</strong></span> <span class='ocrx_word' id='word_1_380' title='bbox 4591 2943 4729 2992; x_wconf 87' lang='lat' dir='ltr'><strong>notis</strong></span> 
     </span>
     <span class='ocr_line' id='line_1_27' title="bbox 1149 3015 4726 3091; baseline 0 -13"><span class='ocrx_word' id='word_1_381' title='bbox 1149 3027 1219 3078; x_wconf 87' lang='lat' dir='ltr'><strong>ad</strong></span> <span class='ocrx_word' id='word_1_382' title='bbox 1252 3026 1458 3077; x_wconf 87' lang='lat' dir='ltr'><strong>constit.</strong></span> <span class='ocrx_word' id='word_1_383' title='bbox 1493 3027 1663 3089; x_wconf 83' lang='lat' dir='ltr'><strong>apost.</strong></span> <span class='ocrx_word' id='word_1_384' title='bbox 1697 3020 1789 3071; x_wconf 90' lang='lat' dir='ltr'><strong>lib.</strong></span> <span class='ocrx_word' id='word_1_385' title='bbox 1807 3015 1843 3071; x_wconf 87' lang='grc'><strong>6</strong></span> <span class='ocrx_word' id='word_1_386' title='bbox 1876 3036 1989 3086; x_wconf 90' lang='lat' dir='ltr'><strong>cap.</strong></span> <span class='ocrx_word' id='word_1_387' title='bbox 2010 3017 2077 3073; x_wconf 90' lang='grc'><strong>17</strong></span> <span class='ocrx_word' id='word_1_388' title='bbox 2113 3020 2257 3084; x_wconf 79' lang='lat' dir='ltr'><strong>(tom.</strong></span> <span class='ocrx_word' id='word_1_389' title='bbox 2278 3018 2304 3072; x_wconf 94' lang='grc'><strong>1</strong></span> <span class='ocrx_word' id='word_1_390' title='bbox 2345 3036 2397 3086; x_wconf 89' lang='lat' dir='ltr'><strong>p.</strong></span> <span class='ocrx_word' id='word_1_391' title='bbox 2414 3017 2520 3072; x_wconf 76' lang='grc'><strong>348</strong></span> <span class='ocrx_word' id='word_1_392' title='bbox 2553 3018 2676 3069; x_wconf 90' lang='lat' dir='ltr'><strong>edit.</strong></span> <span class='ocrx_word' id='word_1_393' title='bbox 2698 3015 2932 3083; x_wconf 83' lang='lat' dir='ltr'><strong>Clerici).</strong></span> <span class='ocrx_word' id='word_1_394' title='bbox 2985 3016 3127 3067; x_wconf 89' lang='lat' dir='ltr'><strong>hunc</strong></span> <span class='ocrx_word' id='word_1_395' title='bbox 3158 3021 3360 3068; x_wconf 83' lang='lat' dir='ltr'><strong>textum</strong></span> <span class='ocrx_word' id='word_1_396' title='bbox 3381 3016 3661 3068; x_wconf 85' lang='lat' dir='ltr'><strong>Fabricius</strong></span> <span class='ocrx_word' id='word_1_397' title='bbox 3695 3018 4050 3070; x_wconf 88' lang='lat' dir='ltr'><strong>recudendum</strong></span> <span class='ocrx_word' id='word_1_398' title='bbox 4084 3022 4290 3072; x_wconf 86' lang='lat' dir='ltr'><strong>curavit</strong></span> <span class='ocrx_word' id='word_1_399' title='bbox 4321 3024 4376 3072; x_wconf 90' lang='lat' dir='ltr'><strong>in</strong></span> <span class='ocrx_word' id='word_1_400' title='bbox 4414 3024 4532 3076; x_wconf 91' lang='lat' dir='ltr'><strong>cod.</strong></span> <span class='ocrx_word' id='word_1_401' title='bbox 4550 3042 4726 3091; x_wconf 87' lang='lat' dir='ltr'><strong>apocr.</strong></span> 
     </span>
     <span class='ocr_line' id='line_1_28' title="bbox 1148 3099 4733 3179; baseline 0 -15"><span class='ocrx_word' id='word_1_402' title='bbox 1148 3129 1269 3165; x_wconf 87' lang='lat' dir='ltr'><strong>nov.</strong></span> <span class='ocrx_word' id='word_1_403' title='bbox 1305 3115 1425 3165; x_wconf 86' lang='lat' dir='ltr'><strong>test.</strong></span> <span class='ocrx_word' id='word_1_404' title='bbox 1459 3114 1498 3161; x_wconf 88' lang='lat' dir='ltr'><strong>t.</strong></span> <span class='ocrx_word' id='word_1_405' title='bbox 1524 3104 1550 3161; x_wconf 93' lang='grc'><strong>1</strong></span> <span class='ocrx_word' id='word_1_406' title='bbox 1583 3101 1763 3160; x_wconf 70' lang='lat' dir='ltr'><strong>edit-2</strong></span> <span class='ocrx_word' id='word_1_407' title='bbox 1784 3121 1840 3172; x_wconf 88' lang='lat' dir='ltr'><strong>p.</strong></span> <span class='ocrx_word' id='word_1_408' title='bbox 1859 3100 2150 3170; x_wconf 69' lang='lat' dir='ltr'><strong>loo-167,</strong></span> <span class='ocrx_word' id='word_1_409' title='bbox 2178 3110 2307 3174; x_wconf 58' lang='lat' dir='ltr'><strong>*post</strong></span> <span class='ocrx_word' id='word_1_410' title='bbox 2336 3105 2640 3157; x_wconf 77' lang='lat' dir='ltr'><strong>Fabricium</strong></span> <span class='ocrx_word' id='word_1_411' title='bbox 2662 3103 2916 3155; x_wconf 81' lang='lat' dir='ltr'><strong>Jonesins</strong></span> <span class='ocrx_word' id='word_1_412' title='bbox 2937 3101 3144 3169; x_wconf 75' lang='lat' dir='ltr'><strong>Anglus</strong></span> <span class='ocrx_word' id='word_1_413' title='bbox 3179 3101 3372 3154; x_wconf 80' lang='lat' dir='ltr'><strong>‹Lond-</strong></span> <span class='ocrx_word' id='word_1_414' title='bbox 3396 3099 3553 3163; x_wconf 71' lang='lat'><strong>1⁷22)</strong></span> <span class='ocrx_word' id='word_1_415' title='bbox 3590 3102 3798 3170; x_wconf 84' lang='lat' dir='ltr'><strong>adjecta</strong></span> <span class='ocrx_word' id='word_1_416' title='bbox 3830 3106 4074 3157; x_wconf 81' lang='lat' dir='ltr'><strong>versione</strong></span> <span class='ocrx_word' id='word_1_417' title='bbox 4107 3106 4338 3172; x_wconf 74' lang='lat' dir='ltr'><strong>anglica,</strong></span> <span class='ocrx_word' id='word_1_418' title='bbox 4372 3109 4733 3179; x_wconf 66' lang='lat' dir='ltr'><strong>mingarellius</strong></span> 
     </span>
     <span class='ocr_line' id='line_1_29' title="bbox 1152 3187 4731 3264; baseline -0 -16"><span class='ocrx_word' id='word_1_419' title='bbox 1152 3197 1318 3249; x_wconf 81' lang='lat' dir='ltr'><strong>italus</strong></span> <span class='ocrx_word' id='word_1_420' title='bbox 1351 3195 1559 3254; x_wconf 84' lang='lat' dir='ltr'><strong>(Venet.</strong></span> <span class='ocrx_word' id='word_1_421' title='bbox 1585 3187 1751 3249; x_wconf 78' lang='grc'><strong>1764)</strong></span> <span class='ocrx_word' id='word_1_422' title='bbox 1787 3190 1844 3242; x_wconf 88' lang='lat' dir='ltr'><strong>in</strong></span> <span class='ocrx_word' id='word_1_423' title='bbox 1887 3190 2022 3244; x_wconf 88' lang='lat' dir='ltr'><strong>libro</strong></span> <span class='ocrx_word' id='word_1_424' title='bbox 2059 3205 2213 3258; x_wconf 86' lang='lat' dir='ltr'><strong>quem</strong></span> <span class='ocrx_word' id='word_1_425' title='bbox 2246 3189 2400 3243; x_wconf 90' lang='lat' dir='ltr'><strong>modo</strong></span> <span class='ocrx_word' id='word_1_426' title='bbox 2435 3189 2730 3242; x_wconf 86' lang='lat' dir='ltr'><strong>citabimus.</strong></span> <span class='ocrx_word' id='word_1_427' title='bbox 2780 3188 2965 3240; x_wconf 90' lang='lat' dir='ltr'><strong>videas</strong></span> <span class='ocrx_word' id='word_1_428' title='bbox 2998 3191 3154 3240; x_wconf 86' lang='lat' dir='ltr'><strong>etiam</strong></span> <span class='ocrx_word' id='word_1_429' title='bbox 3186 3204 3324 3255; x_wconf 87' lang='lat' dir='ltr'><strong>quae</strong></span> <span class='ocrx_word' id='word_1_430' title='bbox 3343 3188 3770 3241; x_wconf 81' lang='lat' dir='ltr'><strong>Tischendorflus</strong></span> <span class='ocrx_word' id='word_1_431' title='bbox 3794 3189 4083 3257; x_wconf 83' lang='lat' dir='ltr'><strong>disputavit</strong></span> <span class='ocrx_word' id='word_1_432' title='bbox 4116 3194 4169 3243; x_wconf 91' lang='lat' dir='ltr'><strong>in</strong></span> <span class='ocrx_word' id='word_1_433' title='bbox 4197 3193 4399 3263; x_wconf 75' lang='lat' dir='ltr'><strong>proleg.</strong></span> <span class='ocrx_word' id='word_1_434' title='bbox 4436 3197 4506 3248; x_wconf 91' lang='lat' dir='ltr'><strong>ad</strong></span> <span class='ocrx_word' id='word_1_435' title='bbox 4528 3199 4731 3264; x_wconf 88' lang='lat' dir='ltr'><strong>apocal.</strong></span> 
     </span>
     <span class='ocr_line' id='line_1_30' title="bbox 1150 3271 4731 3350; baseline 0 -15"><span class='ocrx_word' id='word_1_436' title='bbox 1150 3299 1328 3350; x_wconf 89' lang='lat' dir='ltr'><strong>apocr.</strong></span> <span class='ocrx_word' id='word_1_437' title='bbox 1370 3283 1517 3348; x_wconf 86' lang='lat' dir='ltr'><strong>Lips.</strong></span> <span class='ocrx_word' id='word_1_438' title='bbox 1544 3271 1682 3332; x_wconf 87' lang='grc'><strong>1866</strong></span> <span class='ocrx_word' id='word_1_439' title='bbox 1715 3293 1764 3343; x_wconf 88' lang='lat' dir='ltr'><strong>p.</strong></span> <span class='ocrx_word' id='word_1_440' title='bbox 1784 3276 1926 3328; x_wconf 82' lang='lat' dir='ltr'><strong>LXI.</strong></span> <span class='ocrx_word' id='word_1_441' title='bbox 1976 3278 2237 3344; x_wconf 70' lang='lat' dir='ltr'><strong>integrum</strong></span> <span class='ocrx_word' id='word_1_442' title='bbox 2272 3277 2394 3328; x_wconf 89' lang='lat' dir='ltr'><strong>libri</strong></span> <span class='ocrx_word' id='word_1_443' title='bbox 2426 3280 2626 3328; x_wconf 81' lang='lat' dir='ltr'><strong>textum</strong></span> <span class='ocrx_word' id='word_1_444' title='bbox 2660 3275 2765 3326; x_wconf 91' lang='lat' dir='ltr'><strong>duo</strong></span> <span class='ocrx_word' id='word_1_445' title='bbox 2790 3275 3043 3339; x_wconf 87' lang='lat' dir='ltr'><strong>praebent</strong></span> <span class='ocrx_word' id='word_1_446' title='bbox 3065 3271 3293 3336; x_wconf 87' lang='lat' dir='ltr'><strong>codices,</strong></span> <span class='ocrx_word' id='word_1_447' title='bbox 3328 3288 3466 3326; x_wconf 86' lang='lat' dir='ltr'><strong>unus</strong></span> <span class='ocrx_word' id='word_1_448' title='bbox 3490 3276 3860 3338; x_wconf 84' lang='lat' dir='ltr'><strong>Bononiensis,</strong></span> <span class='ocrx_word' id='word_1_449' title='bbox 3896 3276 4182 3329; x_wconf 85' lang='lat' dir='ltr'><strong>Parisiensi</strong></span> <span class='ocrx_word' id='word_1_450' title='bbox 4217 3278 4295 3329; x_wconf 90' lang='lat' dir='ltr'><strong>illi</strong></span> <span class='ocrx_word' id='word_1_451' title='bbox 4326 3281 4437 3333; x_wconf 83' lang='lat' dir='ltr'><strong>fere</strong></span> <span class='ocrx_word' id='word_1_452' title='bbox 4473 3286 4731 3350; x_wconf 79' lang='lat' dir='ltr'><strong>aequalis,</strong></span> 
     </span>
     <span class='ocr_line' id='line_1_31' title="bbox 1149 3356 4733 3433; baseline 0.001 -13"><span class='ocrx_word' id='word_1_453' title='bbox 1149 3387 1184 3420; x_wconf 87' lang='lat' dir='ltr'><strong>a</strong></span> <span class='ocrx_word' id='word_1_454' title='bbox 1218 3365 1555 3433; x_wconf 65' lang='lat' dir='ltr'><strong>ningen-ollio</strong></span> <span class='ocrx_word' id='word_1_455' title='bbox 1605 3364 1661 3413; x_wconf 92' lang='lat' dir='ltr'><strong>in</strong></span> <span class='ocrx_word' id='word_1_456' title='bbox 1696 3362 1831 3413; x_wconf 87' lang='lat' dir='ltr'><strong>libro</strong></span> <span class='ocrx_word' id='word_1_457' title='bbox 1867 3362 2058 3414; x_wconf 79' lang='lat' dir='ltr'><strong>Nuova</strong></span> <span class='ocrx_word' id='word_1_458' title='bbox 2090 3361 2325 3414; x_wconf 85' lang='lat' dir='ltr'><strong>raccolta</strong></span> <span class='ocrx_word' id='word_1_459' title='bbox 2356 3359 2645 3427; x_wconf 82' lang='lat' dir='ltr'><strong>d’opusouli</strong></span> <span class='ocrx_word' id='word_1_460' title='bbox 2680 3359 2951 3413; x_wconf 83' lang='lat' dir='ltr'><strong>scientifici</strong></span> <span class='ocrx_word' id='word_1_461' title='bbox 2987 3374 3019 3410; x_wconf 93' lang='lat' dir='ltr'><strong>e</strong></span> <span class='ocrx_word' id='word_1_462' title='bbox 3052 3358 3302 3427; x_wconf 70' lang='lat' dir='ltr'><strong>filologiei</strong></span> <span class='ocrx_word' id='word_1_463' title='bbox 3337 3364 3462 3410; x_wconf 89' lang='lat' dir='ltr'><strong>tom.</strong></span> <span class='ocrx_word' id='word_1_464' title='bbox 3496 3356 3565 3411; x_wconf 75' lang='lat'><strong>12</strong></span> <span class='ocrx_word' id='word_1_465' title='bbox 3598 3359 3857 3421; x_wconf 75' lang='lat' dir='ltr'><strong>(venetiis</strong></span> <span class='ocrx_word' id='word_1_466' title='bbox 3879 3357 4039 3416; x_wconf 73' lang='lat'><strong>1704»</strong></span> <span class='ocrx_word' id='word_1_467' title='bbox 4091 3378 4209 3412; x_wconf 91' lang='lat' dir='ltr'><strong>cum</strong></span> <span class='ocrx_word' id='word_1_468' title='bbox 4244 3381 4381 3418; x_wconf 84' lang='lat' dir='ltr'><strong>vers.</strong></span> <span class='ocrx_word' id='word_1_469' title='bbox 4415 3367 4504 3419; x_wconf 90' lang='lat' dir='ltr'><strong>lat.</strong></span> <span class='ocrx_word' id='word_1_470' title='bbox 4545 3370 4733 3433; x_wconf 76' lang='lat' dir='ltr'><strong>editu8‚</strong></span> 
     </span>
     <span class='ocr_line' id='line_1_32' title="bbox 1151 3444 4733 3517; baseline 0 -9"><span class='ocrx_word' id='word_1_471' title='bbox 1151 3456 1289 3508; x_wconf 89' lang='lat' dir='ltr'><strong>alter</strong></span> <span class='ocrx_word' id='word_1_472' title='bbox 1320 3450 1635 3505; x_wconf 88' lang='lat' dir='ltr'><strong>Dresdensis</strong></span> <span class='ocrx_word' id='word_1_473' title='bbox 1669 3463 1774 3501; x_wconf 90' lang='lat' dir='ltr'><strong>sec.</strong></span> <span class='ocrx_word' id='word_1_474' title='bbox 1791 3444 1874 3511; x_wconf 83' lang='grc'><strong>16,</strong></span> <span class='ocrx_word' id='word_1_475' title='bbox 1911 3461 2064 3512; x_wconf 88' lang='lat' dir='ltr'><strong>quem</strong></span> <span class='ocrx_word' id='word_1_476' title='bbox 2098 3446 2256 3499; x_wconf 83' lang='lat' dir='ltr'><strong>Thilo</strong></span> <span class='ocrx_word' id='word_1_477' title='bbox 2290 3448 2491 3513; x_wconf 85' lang='lat' dir='ltr'><strong>primus</strong></span> <span class='ocrx_word' id='word_1_478' title='bbox 2524 3446 2886 3498; x_wconf 86' lang='lat' dir='ltr'><strong>instrumentis</strong></span> <span class='ocrx_word' id='word_1_479' title='bbox 2919 3450 3099 3498; x_wconf 86' lang='lat' dir='ltr'><strong>textus</strong></span> <span class='ocrx_word' id='word_1_480' title='bbox 3133 3444 3482 3498; x_wconf 89' lang='lat' dir='ltr'><strong>constituendi</strong></span> <span class='ocrx_word' id='word_1_481' title='bbox 3531 3444 3733 3496; x_wconf 86' lang='lat' dir='ltr'><strong>addidit</strong></span> <span class='ocrx_word' id='word_1_482' title='bbox 3767 3446 3802 3499; x_wconf 91' lang='grc'><strong>1.</strong></span> <span class='ocrx_word' id='word_1_483' title='bbox 3839 3462 3884 3499; x_wconf 89' lang='lat' dir='ltr'><strong>c.</strong></span> <span class='ocrx_word' id='word_1_484' title='bbox 3909 3445 4246 3511; x_wconf 66' lang='lat'><strong>277—315„</strong></span> <span class='ocrx_word' id='word_1_485' title='bbox 4300 3459 4421 3517; x_wconf 86' lang='lat' dir='ltr'><strong>post</strong></span> <span class='ocrx_word' id='word_1_486' title='bbox 4453 3454 4733 3508; x_wconf 85' lang='lat' dir='ltr'><strong>Thilonem</strong></span> 
     </span>
     <span class='ocr_line' id='line_1_33' title="bbox 1155 3527 4740 3598; baseline 0.001 -6"><span class='ocrx_word' id='word_1_487' title='bbox 1155 3535 1581 3591; x_wconf 81' lang='lat' dir='ltr'><strong>Tischendorflns</strong></span> <span class='ocrx_word' id='word_1_488' title='bbox 1615 3535 1806 3587; x_wconf 88' lang='lat' dir='ltr'><strong>iterum</strong></span> <span class='ocrx_word' id='word_1_489' title='bbox 1842 3531 2095 3584; x_wconf 86' lang='lat' dir='ltr'><strong>collatum</strong></span> <span class='ocrx_word' id='word_1_490' title='bbox 2129 3531 2346 3584; x_wconf 88' lang='lat' dir='ltr'><strong>editioni</strong></span> <span class='ocrx_word' id='word_1_491' title='bbox 2380 3546 2510 3584; x_wconf 89' lang='lat' dir='ltr'><strong>suae</strong></span> <span class='ocrx_word' id='word_1_492' title='bbox 2543 3532 2601 3583; x_wconf 91' lang='lat' dir='ltr'><strong>in</strong></span> <span class='ocrx_word' id='word_1_493' title='bbox 2634 3545 2824 3597; x_wconf 70' lang='lat' dir='ltr'><strong>evang.</strong></span> <span class='ocrx_word' id='word_1_494' title='bbox 2860 3546 3038 3598; x_wconf 85' lang='lat' dir='ltr'><strong>apocr.</strong></span> <span class='ocrx_word' id='word_1_495' title='bbox 3073 3547 3126 3598; x_wconf 92' lang='lat' dir='ltr'><strong>p.</strong></span> <span class='ocrx_word' id='word_1_496' title='bbox 3150 3528 3248 3585; x_wconf 75' lang='lat'><strong>1³⁴</strong></span> <span class='ocrx_word' id='word_1_497' title='bbox 3258 3527 3425 3585; x_wconf 72' lang='lat'>—149</span> <span class='ocrx_word' id='word_1_498' title='bbox 3459 3529 3714 3582; x_wconf 87' lang='lat' dir='ltr'><strong>adhibuit.</strong></span> <span class='ocrx_word' id='word_1_499' title='bbox 3772 3534 3825 3582; x_wconf 92' lang='lat' dir='ltr'><strong>in</strong></span> <span class='ocrx_word' id='word_1_500' title='bbox 3859 3532 3942 3584; x_wconf 88' lang='lat' dir='ltr'><strong>his</strong></span> <span class='ocrx_word' id='word_1_501' title='bbox 3978 3534 4248 3588; x_wconf 85' lang='lat' dir='ltr'><strong>codicibus</strong></span> <span class='ocrx_word' id='word_1_502' title='bbox 4283 3538 4464 3590; x_wconf 88' lang='lat' dir='ltr'><strong>titulus</strong></span> <span class='ocrx_word' id='word_1_503' title='bbox 4495 3540 4619 3592; x_wconf 89' lang='lat' dir='ltr'><strong>libri</strong></span> <span class='ocrx_word' id='word_1_504' title='bbox 4655 3549 4740 3594; x_wconf 90' lang='lat' dir='ltr'><strong>est</strong></span> 
     </span>
     <span class='ocr_line' id='line_1_34' title="bbox 1154 3613 4737 3695; baseline 0.002 -23"><span class='ocrx_word' id='word_1_505' title='bbox 1154 3623 1329 3695; x_wconf 66' lang='grc' dir='ltr'><strong>9.»μᾶ</strong></span> <span class='ocrx_word' id='word_1_506' title='bbox 1360 3619 1673 3690; x_wconf 71' lang='grc' dir='ltr'><strong><em>Ἰσραελίωυ</em></strong></span> <span class='ocrx_word' id='word_1_507' title='bbox 1707 3613 2008 3688; x_wconf 72' lang='grc' dir='ltr'><strong><em>φιλοσόφου</em></strong></span> <span class='ocrx_word' id='word_1_508' title='bbox 2042 3614 2172 3689; x_wconf 68' lang='grc' dir='ltr'><strong>ῥητὰ</strong></span> <span class='ocrx_word' id='word_1_509' title='bbox 2205 3618 2282 3677; x_wconf 71' lang='grc' dir='ltr'><strong>εἶς</strong></span> <span class='ocrx_word' id='word_1_510' title='bbox 2311 3614 2376 3668; x_wconf 77' lang='grc' dir='ltr'><strong>τὰ</strong></span> <span class='ocrx_word' id='word_1_511' title='bbox 2408 3613 2637 3669; x_wconf 70' lang='grc' dir='ltr'><strong><em>παιδικὰ</em></strong></span> <span class='ocrx_word' id='word_1_512' title='bbox 2668 3614 2764 3670; x_wconf 73' lang='grc' dir='ltr'><strong>τοῦ</strong></span> <span class='ocrx_word' id='word_1_513' title='bbox 2795 3619 2999 3687; x_wconf 76' lang='grc' dir='ltr'><strong><em>κυρίου.</em></strong></span> <span class='ocrx_word' id='word_1_514' title='bbox 3067 3618 3304 3670; x_wconf 87' lang='lat' dir='ltr'><strong>continet</strong></span> <span class='ocrx_word' id='word_1_515' title='bbox 3348 3617 3483 3669; x_wconf 88' lang='lat' dir='ltr'><strong>liber</strong></span> <span class='ocrx_word' id='word_1_516' title='bbox 3529 3617 3673 3668; x_wconf 78' lang='lat' dir='ltr'><strong>facta</strong></span> <span class='ocrx_word' id='word_1_517' title='bbox 3708 3617 3841 3669; x_wconf 85' lang='lat' dir='ltr'><strong>Jesu</strong></span> <span class='ocrx_word' id='word_1_518' title='bbox 3883 3620 4033 3684; x_wconf 87' lang='lat' dir='ltr'><strong>pueri</strong></span> <span class='ocrx_word' id='word_1_519' title='bbox 4078 3636 4113 3672; x_wconf 89' lang='lat' dir='ltr'><strong>a</strong></span> <span class='ocrx_word' id='word_1_520' title='bbox 4158 3623 4339 3688; x_wconf 84' lang='lat' dir='ltr'><strong>quinto</strong></span> <span class='ocrx_word' id='word_1_521' title='bbox 4382 3629 4570 3678; x_wconf 86' lang='lat' dir='ltr'><strong>aetatis</strong></span> <span class='ocrx_word' id='word_1_522' title='bbox 4606 3643 4737 3679; x_wconf 86' lang='lat' dir='ltr'><strong>suae</strong></span> 
     </span>
     <span class='ocr_line' id='line_1_35' title="bbox 1156 3702 4732 3775; baseline 0.001 -13"><span class='ocrx_word' id='word_1_523' title='bbox 1156 3726 1297 3763; x_wconf 85' lang='lat' dir='ltr'><strong>anno</strong></span> <span class='ocrx_word' id='word_1_524' title='bbox 1332 3724 1501 3775; x_wconf 91' lang='lat' dir='ltr'><strong>usque</strong></span> <span class='ocrx_word' id='word_1_525' title='bbox 1536 3709 1603 3759; x_wconf 92' lang='lat' dir='ltr'><strong>ad</strong></span> <span class='ocrx_word' id='word_1_526' title='bbox 1641 3706 2026 3759; x_wconf 82' lang='lat' dir='ltr'><strong>duodecimum.</strong></span> <span class='ocrx_word' id='word_1_527' title='bbox 2077 3702 2449 3756; x_wconf 76' lang='lat' dir='ltr'><strong>referendume</strong></span> <span class='ocrx_word' id='word_1_528' title='bbox 2484 3705 2553 3754; x_wconf 90' lang='lat' dir='ltr'><strong>sit</strong></span> <span class='ocrx_word' id='word_1_529' title='bbox 2584 3702 2654 3754; x_wconf 91' lang='lat' dir='ltr'><strong>ad</strong></span> <span class='ocrx_word' id='word_1_530' title='bbox 2688 3704 2825 3756; x_wconf 89' lang='lat' dir='ltr'><strong>hanc</strong></span> <span class='ocrx_word' id='word_1_531' title='bbox 2858 3705 3218 3756; x_wconf 89' lang='lat' dir='ltr'><strong>recensionem</strong></span> <span class='ocrx_word' id='word_1_532' title='bbox 3251 3703 3386 3755; x_wconf 87' lang='lat' dir='ltr'><strong>liber</strong></span> <span class='ocrx_word' id='word_1_533' title='bbox 3420 3702 3683 3765; x_wconf 81' lang='lat' dir='ltr'><strong>Thomas..</strong></span> <span class='ocrx_word' id='word_1_534' title='bbox 3717 3706 3807 3770; x_wconf 91' lang='lat' dir='ltr'><strong>qui</strong></span> <span class='ocrx_word' id='word_1_535' title='bbox 3842 3704 3965 3756; x_wconf 90' lang='lat' dir='ltr'><strong>olim</strong></span> <span class='ocrx_word' id='word_1_536' title='bbox 4001 3707 4240 3759; x_wconf 78' lang='lat' dir='ltr'><strong>exstabat</strong></span> <span class='ocrx_word' id='word_1_537' title='bbox 4272 3710 4485 3763; x_wconf 90' lang='lat' dir='ltr'><strong>mutilus</strong></span> <span class='ocrx_word' id='word_1_538' title='bbox 4519 3714 4577 3763; x_wconf 92' lang='lat' dir='ltr'><strong>in</strong></span> <span class='ocrx_word' id='word_1_539' title='bbox 4613 3715 4732 3768; x_wconf 89' lang='lat' dir='ltr'><strong>cod.</strong></span> 
     </span>
     <span class='ocr_line' id='line_1_36' title="bbox 1154 3785 4737 3863; baseline 0.001 -16"><span class='ocrx_word' id='word_1_540' title='bbox 1154 3797 1399 3858; x_wconf 71' lang='lat' dir='ltr'><strong>vindob„</strong></span> <span class='ocrx_word' id='word_1_541' title='bbox 1438 3794 1720 3861; x_wconf 76' lang='lat' dir='ltr'><strong>inscriptus</strong></span> <span class='ocrx_word' id='word_1_542' title='bbox 1752 3787 1992 3844; x_wconf 73' lang='grc' dir='ltr'><strong><em>Παιδικὰ</em></strong></span> <span class='ocrx_word' id='word_1_543' title='bbox 2020 3787 2114 3843; x_wconf 71' lang='grc' dir='ltr'><strong>τοῦ</strong></span> <span class='ocrx_word' id='word_1_544' title='bbox 2148 3790 2335 3858; x_wconf 72' lang='grc' dir='ltr'><strong><em>κυρίου</em></strong></span> <span class='ocrx_word' id='word_1_545' title='bbox 2370 3787 2463 3840; x_wconf 71' lang='grc' dir='ltr'><strong>καὶ</strong></span> <span class='ocrx_word' id='word_1_546' title='bbox 2495 3786 2632 3842; x_wconf 72' lang='grc' dir='ltr'><strong>θοοῦ</strong></span> <span class='ocrx_word' id='word_1_547' title='bbox 2662 3788 2756 3842; x_wconf 67' lang='grc' dir='ltr'><strong>καὶ</strong></span> <span class='ocrx_word' id='word_1_548' title='bbox 2789 3787 3019 3859; x_wconf 73' lang='grc' dir='ltr'><strong><em>σωτῆρος</em></strong></span> <span class='ocrx_word' id='word_1_549' title='bbox 3049 3786 3199 3860; x_wconf 70' lang='grc' dir='ltr'><strong>ἡμῶν</strong></span> <span class='ocrx_word' id='word_1_550' title='bbox 3231 3785 3398 3854; x_wconf 76' lang='grc' dir='ltr'><strong><em>Ἰησοῦ</em></strong></span> <span class='ocrx_word' id='word_1_551' title='bbox 3429 3785 3686 3858; x_wconf 73' lang='grc' dir='ltr'><strong><em>Χριστοῦ,</em></strong></span> <span class='ocrx_word' id='word_1_552' title='bbox 3721 3790 3846 3856; x_wconf 87' lang='lat' dir='ltr'><strong>quia</strong></span> <span class='ocrx_word' id='word_1_553' title='bbox 3872 3789 3981 3855; x_wconf 86' lang='lat' dir='ltr'><strong>jam</strong></span> <span class='ocrx_word' id='word_1_554' title='bbox 4018 3790 4212 3843; x_wconf 85' lang='lat' dir='ltr'><strong>dudum</strong></span> <span class='ocrx_word' id='word_1_555' title='bbox 4246 3810 4462 3860; x_wconf 86' lang='lat' dir='ltr'><strong>prorsus</strong></span> <span class='ocrx_word' id='word_1_556' title='bbox 4496 3801 4737 3863; x_wconf 86' lang='lat' dir='ltr'><strong>evanuit,</strong></span> 
     </span>
     <span class='ocr_line' id='line_1_37' title="bbox 1158 3872 4541 3946; baseline 0.001 -14"><span class='ocrx_word' id='word_1_557' title='bbox 1158 3899 1189 3933; x_wconf 91' lang='lat' dir='ltr'><strong>e</strong></span> <span class='ocrx_word' id='word_1_558' title='bbox 1225 3880 1558 3946; x_wconf 87' lang='lat' dir='ltr'><strong>paucissimis</strong></span> <span class='ocrx_word' id='word_1_559' title='bbox 1593 3893 1731 3945; x_wconf 88' lang='lat' dir='ltr'><strong>quae</strong></span> <span class='ocrx_word' id='word_1_560' title='bbox 1763 3878 1916 3930; x_wconf 80' lang='lat' dir='ltr'><strong>affert</strong></span> <span class='ocrx_word' id='word_1_561' title='bbox 1948 3877 2261 3929; x_wconf 87' lang='lat' dir='ltr'><strong>Lambecius</strong></span> <span class='ocrx_word' id='word_1_562' title='bbox 2295 3877 2351 3926; x_wconf 90' lang='lat' dir='ltr'><strong>in</strong></span> <span class='ocrx_word' id='word_1_563' title='bbox 2386 3881 2662 3929; x_wconf 84' lang='lat' dir='ltr'><strong>comment.</strong></span> <span class='ocrx_word' id='word_1_564' title='bbox 2700 3877 2765 3928; x_wconf 88' lang='lat' dir='ltr'><strong>de</strong></span> <span class='ocrx_word' id='word_1_565' title='bbox 2799 3876 2925 3928; x_wconf 88' lang='lat' dir='ltr'><strong>bibl.</strong></span> <span class='ocrx_word' id='word_1_566' title='bbox 2963 3875 3115 3929; x_wconf 82' lang='lat' dir='ltr'><strong>Caes.</strong></span> <span class='ocrx_word' id='word_1_567' title='bbox 3150 3876 3375 3929; x_wconf 84' lang='lat' dir='ltr'><strong>Vindob.</strong></span> <span class='ocrx_word' id='word_1_568' title='bbox 3407 3876 3500 3930; x_wconf 86' lang='lat' dir='ltr'><strong>lib.</strong></span> <span class='ocrx_word' id='word_1_569' title='bbox 3523 3876 3554 3928; x_wconf 95' lang='grc'><strong>7</strong></span> <span class='ocrx_word' id='word_1_570' title='bbox 3587 3893 3639 3943; x_wconf 89' lang='lat' dir='ltr'><strong>p.</strong></span> <span class='ocrx_word' id='word_1_571' title='bbox 3657 3872 3763 3929; x_wconf 70' lang='lat'><strong>273</strong></span> <span class='ocrx_word' id='word_1_572' title='bbox 3786 3891 3863 3942; x_wconf 90' lang='lat' dir='ltr'><strong>sq.</strong></span> <span class='ocrx_word' id='word_1_573' title='bbox 3901 3876 4176 3942; x_wconf 87' lang='lat' dir='ltr'><strong>dijudicari</strong></span> <span class='ocrx_word' id='word_1_574' title='bbox 4211 3894 4318 3931; x_wconf 93' lang='lat' dir='ltr'><strong>non</strong></span> <span class='ocrx_word' id='word_1_575' title='bbox 4353 3887 4541 3946; x_wconf 85' lang='lat' dir='ltr'><strong>potest.</strong></span> 
     </span>
    </p>

    <p class='ocr_par' dir='ltr' id='par_1_6' title="bbox 1159 3959 4737 4373">
     <span class='ocr_line' id='line_1_38' title="bbox 1362 3959 4735 4035; baseline 0.001 -17"><span class='ocrx_word' id='word_1_576' title='bbox 1362 3963 1415 4019; x_wconf 72' lang='lat'><strong>2.</strong></span> <span class='ocrx_word' id='word_1_577' title='bbox 1467 3963 1697 4016; x_wconf 73' lang='lat' dir='ltr'><strong>alteram</strong></span> <span class='ocrx_word' id='word_1_578' title='bbox 1732 3964 1853 4015; x_wconf 90' lang='lat' dir='ltr'><strong>libri</strong></span> <span class='ocrx_word' id='word_1_579' title='bbox 1885 3963 2120 4014; x_wconf 80' lang='lat' dir='ltr'><strong>Thomas</strong></span> <span class='ocrx_word' id='word_1_580' title='bbox 2152 3962 2513 4013; x_wconf 86' lang='lat' dir='ltr'><strong>recensionem</strong></span> <span class='ocrx_word' id='word_1_581' title='bbox 2556 3977 2589 4011; x_wconf 90' lang='lat' dir='ltr'><strong>e</strong></span> <span class='ocrx_word' id='word_1_582' title='bbox 2635 3961 2818 4015; x_wconf 82' lang='lat' dir='ltr'><strong>codice</strong></span> <span class='ocrx_word' id='word_1_583' title='bbox 2852 3961 3223 4014; x_wconf 82' lang='lat' dir='ltr'><strong>monachorum</strong></span> <span class='ocrx_word' id='word_1_584' title='bbox 3260 3962 3632 4014; x_wconf 73' lang='lat' dir='ltr'><strong>Binaiticornm</strong></span> <span class='ocrx_word' id='word_1_585' title='bbox 3668 3960 3831 4013; x_wconf 86' lang='lat' dir='ltr'><strong>chart.</strong></span> <span class='ocrx_word' id='word_1_586' title='bbox 3868 3978 3972 4015; x_wconf 89' lang='lat' dir='ltr'><strong>sec.</strong></span> <span class='ocrx_word' id='word_1_587' title='bbox 4002 3959 4068 4015; x_wconf 84' lang='grc'><strong>14</strong></span> <span class='ocrx_word' id='word_1_588' title='bbox 4102 3963 4188 4015; x_wconf 86' lang='lat' dir='ltr'><strong>vel</strong></span> <span class='ocrx_word' id='word_1_589' title='bbox 4222 3961 4290 4019; x_wconf 76' lang='lat'><strong>15</strong></span> <span class='ocrx_word' id='word_1_590' title='bbox 4334 3964 4498 4018; x_wconf 88' lang='lat' dir='ltr'><strong>edidit</strong></span> <span class='ocrx_word' id='word_1_591' title='bbox 4539 3971 4735 4035; x_wconf 87' lang='lat' dir='ltr'><strong>primus</strong></span> 
     </span>
     <span class='ocr_line' id='line_1_39' title="bbox 1159 4041 4737 4118; baseline 0.001 -16"><span class='ocrx_word' id='word_1_592' title='bbox 1159 4049 1586 4103; x_wconf 84' lang='lat' dir='ltr'><strong>Tischendorfius</strong></span> <span class='ocrx_word' id='word_1_593' title='bbox 1618 4051 1674 4100; x_wconf 90' lang='lat' dir='ltr'><strong>in</strong></span> <span class='ocrx_word' id='word_1_594' title='bbox 1708 4049 1843 4101; x_wconf 88' lang='lat' dir='ltr'><strong>libro</strong></span> <span class='ocrx_word' id='word_1_595' title='bbox 1879 4049 2094 4101; x_wconf 86' lang='lat' dir='ltr'><strong>Wiener</strong></span> <span class='ocrx_word' id='word_1_596' title='bbox 2127 4047 2460 4099; x_wconf 83' lang='lat' dir='ltr'><strong>Jahrbiichcr</strong></span> <span class='ocrx_word' id='word_1_597' title='bbox 2489 4041 2624 4099; x_wconf 82' lang='grc'><strong>1846</strong></span> <span class='ocrx_word' id='word_1_598' title='bbox 2655 4048 3022 4117; x_wconf 70' lang='lat' dir='ltr'><strong>Anaeigeblatt</strong></span> <span class='ocrx_word' id='word_1_599' title='bbox 3052 4064 3104 4114; x_wconf 90' lang='lat' dir='ltr'><strong>p.</strong></span> <span class='ocrx_word' id='word_1_600' title='bbox 3122 4045 3184 4101; x_wconf 82' lang='grc'><strong>51</strong></span> <span class='ocrx_word' id='word_1_601' title='bbox 3212 4063 3343 4114; x_wconf 81' lang='lat' dir='ltr'><strong>sqq..</strong></span> <span class='ocrx_word' id='word_1_602' title='bbox 3378 4048 3586 4113; x_wconf 88' lang='lat' dir='ltr'><strong>repetiit</strong></span> <span class='ocrx_word' id='word_1_603' title='bbox 3620 4046 3759 4098; x_wconf 86' lang='lat' dir='ltr'><strong>Bud.</strong></span> <span class='ocrx_word' id='word_1_604' title='bbox 3783 4047 4119 4099; x_wconf 82' lang='lat' dir='ltr'><strong>Hofmannus</strong></span> <span class='ocrx_word' id='word_1_605' title='bbox 4155 4051 4208 4100; x_wconf 88' lang='lat' dir='ltr'><strong>in</strong></span> <span class='ocrx_word' id='word_1_606' title='bbox 4243 4068 4402 4118; x_wconf 87' lang='lat' dir='ltr'><strong>opere</strong></span> <span class='ocrx_word' id='word_1_607' title='bbox 4439 4054 4534 4105; x_wconf 89' lang='lat' dir='ltr'><strong>das</strong></span> <span class='ocrx_word' id='word_1_608' title='bbox 4557 4054 4737 4107; x_wconf 88' lang='lat' dir='ltr'><strong>Leben</strong></span> 
     </span>
     <span class='ocr_line' id='line_1_40' title="bbox 1159 4131 4733 4203; baseline 0.001 -17"><span class='ocrx_word' id='word_1_609' title='bbox 1159 4138 1294 4187; x_wconf 83' lang='lat' dir='ltr'><strong>Jesu</strong></span> <span class='ocrx_word' id='word_1_610' title='bbox 1327 4134 1468 4187; x_wconf 86' lang='lat' dir='ltr'><strong>nach</strong></span> <span class='ocrx_word' id='word_1_611' title='bbox 1501 4134 1604 4187; x_wconf 87' lang='lat' dir='ltr'><strong>den</strong></span> <span class='ocrx_word' id='word_1_612' title='bbox 1637 4134 1995 4201; x_wconf 75' lang='lat' dir='ltr'><strong>Apokryphen</strong></span> <span class='ocrx_word' id='word_1_613' title='bbox 2029 4133 2199 4199; x_wconf 84' lang='lat' dir='ltr'><strong>(Lips.</strong></span> <span class='ocrx_word' id='word_1_614' title='bbox 2220 4131 2383 4192; x_wconf 77' lang='lat'>1851)</span> <span class='ocrx_word' id='word_1_615' title='bbox 2406 4149 2460 4199; x_wconf 85' lang='lat' dir='ltr'><strong>p.</strong></span> <span class='ocrx_word' id='word_1_616' title='bbox 2477 4133 2799 4198; x_wconf 84' lang='lat' dir='ltr'>XII—XIV,</span> <span class='ocrx_word' id='word_1_617' title='bbox 2833 4136 3020 4186; x_wconf 87' lang='lat' dir='ltr'><strong>iterum</strong></span> <span class='ocrx_word' id='word_1_618' title='bbox 3043 4133 3207 4186; x_wconf 88' lang='lat' dir='ltr'><strong>edidit</strong></span> <span class='ocrx_word' id='word_1_619' title='bbox 3221 4133 3646 4186; x_wconf 82' lang='lat' dir='ltr'><strong>Tischendorfius</strong></span> <span class='ocrx_word' id='word_1_620' title='bbox 3669 4135 3723 4184; x_wconf 91' lang='lat' dir='ltr'><strong>in</strong></span> <span class='ocrx_word' id='word_1_621' title='bbox 3748 4148 3937 4203; x_wconf 74' lang='lat' dir='ltr'><strong>evang.</strong></span> <span class='ocrx_word' id='word_1_622' title='bbox 3962 4149 4137 4200; x_wconf 87' lang='lat' dir='ltr'><strong>apocr.</strong></span> <span class='ocrx_word' id='word_1_623' title='bbox 4158 4150 4207 4201; x_wconf 85' lang='lat' dir='ltr'><strong>p.</strong></span> <span class='ocrx_word' id='word_1_624' title='bbox 4233 4135 4520 4194; x_wconf 69' lang='lat' dir='ltr'><strong>iso—155.</strong></span> <span class='ocrx_word' id='word_1_625' title='bbox 4554 4141 4733 4192; x_wconf 86' lang='lat' dir='ltr'><strong>titulus</strong></span> 
     </span>
     <span class='ocr_line' id='line_1_41' title="bbox 1160 4215 4726 4290; baseline 0.001 -17"><span class='ocrx_word' id='word_1_626' title='bbox 1160 4229 1240 4273; x_wconf 87' lang='lat' dir='ltr'><strong>est</strong></span> <span class='ocrx_word' id='word_1_627' title='bbox 1273 4215 1625 4290; x_wconf 76' lang='grc' dir='ltr'><strong><em>Σόγγραμμα</em></strong></span> <span class='ocrx_word' id='word_1_628' title='bbox 1655 4218 1752 4272; x_wconf 71' lang='grc' dir='ltr'><strong>τοῦ</strong></span> <span class='ocrx_word' id='word_1_629' title='bbox 1784 4217 1944 4289; x_wconf 70' lang='grc' dir='ltr'><strong><em>ἁγίου</em></strong></span> <span class='ocrx_word' id='word_1_630' title='bbox 1980 4215 2275 4271; x_wconf 73' lang='grc' dir='ltr'><strong><em>ἀποστόλου</em></strong></span> <span class='ocrx_word' id='word_1_631' title='bbox 2311 4217 2485 4289; x_wconf 79' lang='grc' dir='ltr'><strong>Θωμᾶ</strong></span> <span class='ocrx_word' id='word_1_632' title='bbox 2517 4218 2646 4288; x_wconf 69' lang='grc' dir='ltr'><strong>περὶ</strong></span> <span class='ocrx_word' id='word_1_633' title='bbox 2679 4219 2768 4286; x_wconf 74' lang='grc' dir='ltr'><strong>τῆς</strong></span> <span class='ocrx_word' id='word_1_634' title='bbox 2797 4217 3047 4283; x_wconf 73' lang='grc' dir='ltr'><strong>παιδικῆς</strong></span> <span class='ocrx_word' id='word_1_635' title='bbox 3075 4216 3408 4289; x_wconf 75' lang='grc' dir='ltr'><strong><em>ἀναστροφῆς</em></strong></span> <span class='ocrx_word' id='word_1_636' title='bbox 3437 4217 3529 4273; x_wconf 73' lang='grc' dir='ltr'><strong>τοῦ</strong></span> <span class='ocrx_word' id='word_1_637' title='bbox 3563 4220 3765 4289; x_wconf 69' lang='grc' dir='ltr'><strong><em>κυρίου.</em></strong></span> <span class='ocrx_word' id='word_1_638' title='bbox 3814 4221 4044 4272; x_wconf 90' lang='lat' dir='ltr'><strong>continet</strong></span> <span class='ocrx_word' id='word_1_639' title='bbox 4068 4221 4154 4272; x_wconf 91' lang='lat' dir='ltr'><strong>hic</strong></span> <span class='ocrx_word' id='word_1_640' title='bbox 4178 4223 4390 4288; x_wconf 91' lang='lat' dir='ltr'><strong>quidem</strong></span> <span class='ocrx_word' id='word_1_641' title='bbox 4414 4223 4546 4276; x_wconf 90' lang='lat' dir='ltr'><strong>liber</strong></span> <span class='ocrx_word' id='word_1_642' title='bbox 4567 4226 4726 4278; x_wconf 85' lang='lat' dir='ltr'><strong>Jesus</strong></span> 
     </span>
     <span class='ocr_line' id='line_1_42' title="bbox 1160 4306 2825 4373; baseline 0 -16"><span class='ocrx_word' id='word_1_643' title='bbox 1160 4309 1311 4371; x_wconf 84' lang='lat' dir='ltr'><strong>pueri</strong></span> <span class='ocrx_word' id='word_1_644' title='bbox 1343 4307 1487 4358; x_wconf 76' lang='lat' dir='ltr'><strong>facta</strong></span> <span class='ocrx_word' id='word_1_645' title='bbox 1521 4322 1553 4356; x_wconf 86' lang='lat' dir='ltr'><strong>a</strong></span> <span class='ocrx_word' id='word_1_646' title='bbox 1589 4306 1772 4372; x_wconf 89' lang='lat' dir='ltr'><strong>quinto</strong></span> <span class='ocrx_word' id='word_1_647' title='bbox 1804 4322 1975 4373; x_wconf 89' lang='lat' dir='ltr'><strong>usque</strong></span> <span class='ocrx_word' id='word_1_648' title='bbox 2010 4306 2078 4357; x_wconf 87' lang='lat' dir='ltr'><strong>ad</strong></span> <span class='ocrx_word' id='word_1_649' title='bbox 2112 4310 2353 4357; x_wconf 81' lang='lat' dir='ltr'><strong>octavum</strong></span> <span class='ocrx_word' id='word_1_650' title='bbox 2388 4307 2577 4358; x_wconf 84' lang='lat' dir='ltr'><strong>aetatis</strong></span> <span class='ocrx_word' id='word_1_651' title='bbox 2613 4322 2825 4358; x_wconf 89' lang='lat' dir='ltr'><strong>annum.</strong></span> 
     </span>
    </p>

    <p class='ocr_par' dir='ltr' id='par_1_7' title="bbox 1367 4390 3787 4459">
     <span class='ocr_line' id='line_1_43' title="bbox 1367 4390 3787 4459; baseline 0 -17"><span class='ocrx_word' id='word_1_652' title='bbox 1367 4390 1643 4443; x_wconf 77' lang='lat' dir='ltr'><strong>Accedunt</strong></span> <span class='ocrx_word' id='word_1_653' title='bbox 1672 4393 1742 4445; x_wconf 91' lang='lat' dir='ltr'><strong>ad</strong></span> <span class='ocrx_word' id='word_1_654' title='bbox 1777 4392 1875 4444; x_wconf 89' lang='lat' dir='ltr'><strong>hos</strong></span> <span class='ocrx_word' id='word_1_655' title='bbox 1910 4406 2130 4459; x_wconf 76' lang='lat' dir='ltr'><strong>graecos</strong></span> <span class='ocrx_word' id='word_1_656' title='bbox 2163 4391 2284 4442; x_wconf 90' lang='lat' dir='ltr'><strong>libri</strong></span> <span class='ocrx_word' id='word_1_657' title='bbox 2319 4392 2486 4454; x_wconf 88' lang='lat' dir='ltr'><strong>latini,</strong></span> <span class='ocrx_word' id='word_1_658' title='bbox 2522 4407 2742 4458; x_wconf 88' lang='lat' dir='ltr'><strong>quorum</strong></span> <span class='ocrx_word' id='word_1_659' title='bbox 2775 4393 2997 4458; x_wconf 87' lang='lat' dir='ltr'><strong>primum</strong></span> <span class='ocrx_word' id='word_1_660' title='bbox 3033 4395 3148 4444; x_wconf 88' lang='lat' dir='ltr'><strong>sine</strong></span> <span class='ocrx_word' id='word_1_661' title='bbox 3183 4390 3342 4444; x_wconf 93' lang='lat' dir='ltr'><strong>dubio</strong></span> <span class='ocrx_word' id='word_1_662' title='bbox 3377 4392 3551 4444; x_wconf 89' lang='lat' dir='ltr'><strong>locum</strong></span> <span class='ocrx_word' id='word_1_663' title='bbox 3585 4392 3787 4443; x_wconf 88' lang='lat' dir='ltr'><strong>obtinet</strong></span> 
     </span>
    </p>

    <p class='ocr_par' dir='ltr' id='par_1_8' title="bbox 1163 4475 4733 4716">
     <span class='ocr_line' id='line_1_44' title="bbox 1367 4475 4732 4544; baseline 0 -15"><span class='ocrx_word' id='word_1_664' title='bbox 1367 4475 1418 4529; x_wconf 78' lang='lat'><strong>3.</strong></span> <span class='ocrx_word' id='word_1_665' title='bbox 1477 4476 1676 4529; x_wconf 86' lang='lat' dir='ltr'><strong>Textus</strong></span> <span class='ocrx_word' id='word_1_666' title='bbox 1707 4478 1905 4530; x_wconf 87' lang='lat' dir='ltr'><strong>latinus</strong></span> <span class='ocrx_word' id='word_1_667' title='bbox 1939 4493 2094 4544; x_wconf 89' lang='lat' dir='ltr'><strong>quem</strong></span> <span class='ocrx_word' id='word_1_668' title='bbox 2127 4476 2374 4528; x_wconf 80' lang='lat' dir='ltr'><strong>latentem</strong></span> <span class='ocrx_word' id='word_1_669' title='bbox 2409 4478 2464 4528; x_wconf 89' lang='lat' dir='ltr'><strong>in</strong></span> <span class='ocrx_word' id='word_1_670' title='bbox 2498 4477 2640 4530; x_wconf 75' lang='lat' dir='ltr'><strong>foliis</strong></span> <span class='ocrx_word' id='word_1_671' title='bbox 2675 4479 3085 4531; x_wconf 86' lang='lat' dir='ltr'><strong>membranaceis</strong></span> <span class='ocrx_word' id='word_1_672' title='bbox 3121 4478 3472 4544; x_wconf 86' lang='lat' dir='ltr'><strong>palimpsestis</strong></span> <span class='ocrx_word' id='word_1_673' title='bbox 3505 4476 3852 4529; x_wconf 86' lang='lat' dir='ltr'><strong>bibliothecae</strong></span> <span class='ocrx_word' id='word_1_674' title='bbox 3887 4477 4178 4531; x_wconf 86' lang='lat' dir='ltr'><strong>Caesareae</strong></span> <span class='ocrx_word' id='word_1_675' title='bbox 4211 4480 4627 4533; x_wconf 78' lang='lat' dir='ltr'><strong>vindobonensis</strong></span> <span class='ocrx_word' id='word_1_676' title='bbox 4664 4479 4732 4530; x_wconf 85' lang='lat' dir='ltr'><strong>ad</strong></span> 
     </span>
     <span class='ocr_line' id='line_1_45' title="bbox 1164 4560 4733 4633; baseline 0.001 -20"><span class='ocrx_word' id='word_1_677' title='bbox 1164 4565 1405 4627; x_wconf 82' lang='lat' dir='ltr'><strong>quintum</strong></span> <span class='ocrx_word' id='word_1_678' title='bbox 1441 4561 1553 4614; x_wconf 78' lang='lat' dir='ltr'><strong>fere</strong></span> <span class='ocrx_word' id='word_1_679' title='bbox 1588 4563 1823 4615; x_wconf 85' lang='lat' dir='ltr'><strong>seculum</strong></span> <span class='ocrx_word' id='word_1_680' title='bbox 1856 4562 2147 4616; x_wconf 79' lang='lat' dir='ltr'><strong>referendis</strong></span> <span class='ocrx_word' id='word_1_681' title='bbox 2183 4560 2381 4614; x_wconf 81' lang='lat' dir='ltr'><strong>detexit</strong></span> <span class='ocrx_word' id='word_1_682' title='bbox 2415 4562 2867 4627; x_wconf 87' lang='lat' dir='ltr'><strong>Tiscbendorfius,</strong></span> <span class='ocrx_word' id='word_1_683' title='bbox 2915 4564 2982 4616; x_wconf 93' lang='lat' dir='ltr'><strong>de</strong></span> <span class='ocrx_word' id='word_1_684' title='bbox 3016 4579 3118 4630; x_wconf 85' lang='lat' dir='ltr'><strong>quo</strong></span> <span class='ocrx_word' id='word_1_685' title='bbox 3163 4566 3277 4632; x_wconf 76' lang='lat' dir='ltr'><strong>agit</strong></span> <span class='ocrx_word' id='word_1_686' title='bbox 3317 4565 3371 4614; x_wconf 89' lang='lat' dir='ltr'><strong>in</strong></span> <span class='ocrx_word' id='word_1_687' title='bbox 3405 4563 3602 4630; x_wconf 75' lang='lat' dir='ltr'><strong>proleg.</strong></span> <span class='ocrx_word' id='word_1_688' title='bbox 3650 4561 3720 4613; x_wconf 92' lang='lat' dir='ltr'><strong>ad</strong></span> <span class='ocrx_word' id='word_1_689' title='bbox 3755 4578 3944 4631; x_wconf 72' lang='lat' dir='ltr'><strong>evang.</strong></span> <span class='ocrx_word' id='word_1_690' title='bbox 3978 4581 4155 4631; x_wconf 87' lang='lat' dir='ltr'><strong>apocr.</strong></span> <span class='ocrx_word' id='word_1_691' title='bbox 4191 4583 4241 4633; x_wconf 92' lang='lat' dir='ltr'><strong>p.</strong></span> <span class='ocrx_word' id='word_1_692' title='bbox 4261 4566 4432 4618; x_wconf 82' lang='lat' dir='ltr'>XLVI</span> <span class='ocrx_word' id='word_1_693' title='bbox 4449 4582 4523 4632; x_wconf 89' lang='lat' dir='ltr'><strong>sq.</strong></span> <span class='ocrx_word' id='word_1_694' title='bbox 4560 4580 4733 4631; x_wconf 88' lang='lat' dir='ltr'><strong>pauca</strong></span> 
     </span>
     <span class='ocr_line' id='line_1_46' title="bbox 1163 4647 4026 4716; baseline 0.001 -16"><span class='ocrx_word' id='word_1_695' title='bbox 1163 4656 1365 4702; x_wconf 87' lang='lat' dir='ltr'><strong>tautum</strong></span> <span class='ocrx_word' id='word_1_696' title='bbox 1399 4647 1779 4699; x_wconf 87' lang='lat' dir='ltr'><strong>occultatarum</strong></span> <span class='ocrx_word' id='word_1_697' title='bbox 1812 4650 2104 4715; x_wconf 84' lang='lat' dir='ltr'><strong>scripturae</strong></span> <span class='ocrx_word' id='word_1_698' title='bbox 2137 4652 2380 4699; x_wconf 87' lang='lat' dir='ltr'><strong>notarum</strong></span> <span class='ocrx_word' id='word_1_699' title='bbox 2418 4647 2686 4713; x_wconf 81' lang='lat' dir='ltr'><strong>explicare</strong></span> <span class='ocrx_word' id='word_1_700' title='bbox 2719 4651 2951 4716; x_wconf 83' lang='lat' dir='ltr'><strong>potuisse</strong></span> <span class='ocrx_word' id='word_1_701' title='bbox 2984 4652 3153 4702; x_wconf 87' lang='lat' dir='ltr'><strong>virum</strong></span> <span class='ocrx_word' id='word_1_702' title='bbox 3188 4650 3536 4702; x_wconf 89' lang='lat' dir='ltr'><strong>clarissimum</strong></span> <span class='ocrx_word' id='word_1_703' title='bbox 3569 4647 3728 4700; x_wconf 87' lang='lat' dir='ltr'><strong>valde</strong></span> <span class='ocrx_word' id='word_1_704' title='bbox 3764 4648 4026 4704; x_wconf 87' lang='lat' dir='ltr'><strong>dolemus.</strong></span> 
     </span>
    </p>

    <p class='ocr_par' dir='ltr' id='par_1_9' title="bbox 1166 4732 4745 5144">
     <span class='ocr_line' id='line_1_47' title="bbox 1368 4732 4735 4803; baseline -0 -15"><span class='ocrx_word' id='word_1_705' title='bbox 1368 4735 1419 4788; x_wconf 80' lang='lat'><strong>4.</strong></span> <span class='ocrx_word' id='word_1_706' title='bbox 1482 4733 1758 4786; x_wconf 69' lang='grc' dir='ltr'><strong>Τνοσεοεω</strong></span> <span class='ocrx_word' id='word_1_707' title='bbox 1791 4733 1853 4784; x_wconf 77' lang='lat' dir='ltr'><strong>de</strong></span> <span class='ocrx_word' id='word_1_708' title='bbox 1880 4732 2111 4800; x_wconf 73' lang='lat' dir='ltr'><strong>pueritia</strong></span> <span class='ocrx_word' id='word_1_709' title='bbox 2143 4732 2270 4784; x_wconf 76' lang='lat' dir='ltr'><strong>Jesu</strong></span> <span class='ocrx_word' id='word_1_710' title='bbox 2303 4732 2575 4784; x_wconf 63' lang='lat' dir='ltr'><strong>secandum</strong></span> <span class='ocrx_word' id='word_1_711' title='bbox 2620 4733 2885 4799; x_wconf 72' lang='lat' dir='ltr'><strong>Thomam,</strong></span> <span class='ocrx_word' id='word_1_712' title='bbox 2922 4750 3073 4802; x_wconf 87' lang='lat' dir='ltr'><strong>quem</strong></span> <span class='ocrx_word' id='word_1_713' title='bbox 3111 4751 3143 4787; x_wconf 92' lang='lat' dir='ltr'><strong>e</strong></span> <span class='ocrx_word' id='word_1_714' title='bbox 3176 4736 3359 4788; x_wconf 90' lang='lat' dir='ltr'><strong>codice</strong></span> <span class='ocrx_word' id='word_1_715' title='bbox 3394 4735 3650 4787; x_wconf 84' lang='lat' dir='ltr'><strong>Vaticano</strong></span> <span class='ocrx_word' id='word_1_716' title='bbox 3687 4734 3966 4801; x_wconf 86' lang='lat' dir='ltr'><strong>descripsit</strong></span> <span class='ocrx_word' id='word_1_717' title='bbox 4000 4736 4421 4789; x_wconf 84' lang='lat' dir='ltr'><strong>Tischendorfius</strong></span> <span class='ocrx_word' id='word_1_718' title='bbox 4455 4738 4510 4787; x_wconf 87' lang='lat' dir='ltr'><strong>in</strong></span> <span class='ocrx_word' id='word_1_719' title='bbox 4545 4753 4735 4803; x_wconf 80' lang='lat' dir='ltr'><strong>evang.</strong></span> 
     </span>
     <span class='ocr_line' id='line_1_48' title="bbox 1167 4817 4739 4890; baseline 0.001 -19"><span class='ocrx_word' id='word_1_720' title='bbox 1167 4837 1342 4886; x_wconf 86' lang='lat' dir='ltr'><strong>apocr.</strong></span> <span class='ocrx_word' id='word_1_721' title='bbox 1377 4837 1430 4886; x_wconf 90' lang='lat' dir='ltr'><strong>p.</strong></span> <span class='ocrx_word' id='word_1_722' title='bbox 1454 4817 1740 4873; x_wconf 73' lang='grc'><strong>166-170,</strong></span> <span class='ocrx_word' id='word_1_723' title='bbox 1793 4819 1977 4882; x_wconf 82' lang='lat' dir='ltr'><strong>codex,</strong></span> <span class='ocrx_word' id='word_1_724' title='bbox 2011 4820 2163 4885; x_wconf 88' lang='lat' dir='ltr'><strong>eujus</strong></span> <span class='ocrx_word' id='word_1_725' title='bbox 2198 4825 2425 4871; x_wconf 87' lang='lat' dir='ltr'><strong>aetatem</strong></span> <span class='ocrx_word' id='word_1_726' title='bbox 2459 4836 2567 4872; x_wconf 89' lang='lat' dir='ltr'><strong>non</strong></span> <span class='ocrx_word' id='word_1_727' title='bbox 2603 4821 2845 4890; x_wconf 75' lang='lat' dir='ltr'><strong>designat</strong></span> <span class='ocrx_word' id='word_1_728' title='bbox 2878 4822 3064 4885; x_wconf 86' lang='lat' dir='ltr'><strong>editor,</strong></span> <span class='ocrx_word' id='word_1_729' title='bbox 3096 4825 3429 4889; x_wconf 78' lang='lat' dir='ltr'><strong>pervetustus</strong></span> <span class='ocrx_word' id='word_1_730' title='bbox 3465 4835 3586 4872; x_wconf 87' lang='lat' dir='ltr'><strong>esse</strong></span> <span class='ocrx_word' id='word_1_731' title='bbox 3620 4835 3726 4872; x_wconf 90' lang='lat' dir='ltr'><strong>non</strong></span> <span class='ocrx_word' id='word_1_732' title='bbox 3761 4820 3984 4873; x_wconf 88' lang='lat' dir='ltr'><strong>videtur.</strong></span> <span class='ocrx_word' id='word_1_733' title='bbox 4021 4827 4104 4873; x_wconf 91' lang='lat' dir='ltr'><strong>est</strong></span> <span class='ocrx_word' id='word_1_734' title='bbox 4137 4824 4191 4873; x_wconf 90' lang='lat' dir='ltr'><strong>in</strong></span> <span class='ocrx_word' id='word_1_735' title='bbox 4225 4823 4326 4875; x_wconf 89' lang='lat' dir='ltr'><strong>boc</strong></span> <span class='ocrx_word' id='word_1_736' title='bbox 4361 4828 4584 4875; x_wconf 84' lang='lat' dir='ltr'><strong>tractatu</strong></span> <span class='ocrx_word' id='word_1_737' title='bbox 4621 4823 4739 4875; x_wconf 87' lang='lat' dir='ltr'><strong>bre·</strong></span> 
     </span>
     <span class='ocr_line' id='line_1_49' title="bbox 1166 4905 4745 4975; baseline 0 -19"><span class='ocrx_word' id='word_1_738' title='bbox 1166 4908 1323 4958; x_wconf 84' lang='lat' dir='ltr'><strong>vibus</strong></span> <span class='ocrx_word' id='word_1_739' title='bbox 1357 4907 1533 4958; x_wconf 79' lang='lat' dir='ltr'><strong>verbis</strong></span> <span class='ocrx_word' id='word_1_740' title='bbox 1571 4905 1702 4973; x_wconf 71' lang='lat' dir='ltr'><strong>fuga</strong></span> <span class='ocrx_word' id='word_1_741' title='bbox 1733 4906 1936 4957; x_wconf 76' lang='lat' dir='ltr'><strong>Mariae</strong></span> <span class='ocrx_word' id='word_1_742' title='bbox 1973 4912 2025 4957; x_wconf 92' lang='lat' dir='ltr'><strong>et</strong></span> <span class='ocrx_word' id='word_1_743' title='bbox 2062 4906 2267 4973; x_wconf 79' lang='lat' dir='ltr'><strong>Joseph</strong></span> <span class='ocrx_word' id='word_1_744' title='bbox 2302 4922 2419 4957; x_wconf 87' lang='lat' dir='ltr'><strong>cum</strong></span> <span class='ocrx_word' id='word_1_745' title='bbox 2452 4906 2655 4958; x_wconf 79' lang='lat' dir='ltr'><strong>infante</strong></span> <span class='ocrx_word' id='word_1_746' title='bbox 2689 4909 2743 4958; x_wconf 85' lang='lat' dir='ltr'><strong>in</strong></span> <span class='ocrx_word' id='word_1_747' title='bbox 2776 4907 3097 4975; x_wconf 70' lang='lat' dir='ltr'><strong>Aegyptum,</strong></span> <span class='ocrx_word' id='word_1_748' title='bbox 3150 4905 3253 4958; x_wconf 86' lang='lat' dir='ltr'><strong>duo</strong></span> <span class='ocrx_word' id='word_1_749' title='bbox 3297 4907 3371 4958; x_wconf 86' lang='lat' dir='ltr'><strong>ibi</strong></span> <span class='ocrx_word' id='word_1_750' title='bbox 3416 4906 3671 4958; x_wconf 81' lang='lat' dir='ltr'><strong>miracula</strong></span> <span class='ocrx_word' id='word_1_751' title='bbox 3716 4923 3751 4958; x_wconf 89' lang='lat' dir='ltr'><strong>a</strong></span> <span class='ocrx_word' id='word_1_752' title='bbox 3783 4906 3915 4959; x_wconf 83' lang='lat' dir='ltr'><strong>Jesu</strong></span> <span class='ocrx_word' id='word_1_753' title='bbox 3959 4908 4150 4959; x_wconf 89' lang='lat' dir='ltr'><strong>bimulo</strong></span> <span class='ocrx_word' id='word_1_754' title='bbox 4185 4908 4322 4959; x_wconf 82' lang='lat' dir='ltr'><strong>facta</strong></span> <span class='ocrx_word' id='word_1_755' title='bbox 4369 4915 4424 4959; x_wconf 89' lang='lat' dir='ltr'><strong>et</strong></span> <span class='ocrx_word' id='word_1_756' title='bbox 4455 4907 4654 4958; x_wconf 87' lang='lat' dir='ltr'><strong>reditus</strong></span> <span class='ocrx_word' id='word_1_757' title='bbox 4689 4909 4745 4957; x_wconf 90' lang='lat' dir='ltr'><strong>in</strong></span> 
     </span>
     <span class='ocr_line' id='line_1_50' title="bbox 1172 4991 4744 5060; baseline -0.001 -15"><span class='ocrx_word' id='word_1_758' title='bbox 1172 4992 1451 5053; x_wconf 66' lang='lat' dir='ltr'><strong>Judaeum,</strong></span> <span class='ocrx_word' id='word_1_759' title='bbox 1486 5008 1619 5058; x_wconf 89' lang='lat' dir='ltr'><strong>quas</strong></span> <span class='ocrx_word' id='word_1_760' title='bbox 1654 4992 1985 5042; x_wconf 86' lang='lat' dir='ltr'><strong>narrationes</strong></span> <span class='ocrx_word' id='word_1_761' title='bbox 2021 4995 2172 5058; x_wconf 88' lang='lat' dir='ltr'><strong>quasi</strong></span> <span class='ocrx_word' id='word_1_762' title='bbox 2206 4991 2484 5058; x_wconf 79' lang='lat' dir='ltr'><strong>prologum</strong></span> <span class='ocrx_word' id='word_1_763' title='bbox 2518 5001 2807 5058; x_wconf 82' lang='lat' dir='ltr'><strong>sequuntur</strong></span> <span class='ocrx_word' id='word_1_764' title='bbox 2838 4995 2937 5046; x_wconf 85' lang='lat' dir='ltr'><strong>sub</strong></span> <span class='ocrx_word' id='word_1_765' title='bbox 2973 4993 3228 5059; x_wconf 86' lang='lat' dir='ltr'><strong>peculiari</strong></span> <span class='ocrx_word' id='word_1_766' title='bbox 3259 4993 3438 5055; x_wconf 84' lang='lat' dir='ltr'><strong>titulo,</strong></span> <span class='ocrx_word' id='word_1_767' title='bbox 3486 4992 3727 5044; x_wconf 77' lang='lat' dir='ltr'><strong>Tkomam</strong></span> <span class='ocrx_word' id='word_1_768' title='bbox 3764 4991 4054 5044; x_wconf 77' lang='lat' dir='ltr'><strong>Israelitam</strong></span> <span class='ocrx_word' id='word_1_769' title='bbox 4089 5000 4134 5043; x_wconf 74' lang='lat' dir='ltr'><strong>et</strong></span> <span class='ocrx_word' id='word_1_770' title='bbox 4168 4993 4440 5060; x_wconf 77' lang='lat' dir='ltr'><strong>apostolum</strong></span> <span class='ocrx_word' id='word_1_771' title='bbox 4476 4998 4744 5044; x_wconf 87' lang='lat' dir='ltr'><strong>auctorem</strong></span> 
     </span>
     <span class='ocr_line' id='line_1_51' title="bbox 1171 5076 3955 5144; baseline 0.001 -17"><span class='ocrx_word' id='word_1_772' title='bbox 1171 5078 1464 5142; x_wconf 87' lang='lat' dir='ltr'><strong>profitente,</strong></span> <span class='ocrx_word' id='word_1_773' title='bbox 1497 5092 1637 5143; x_wconf 88' lang='lat' dir='ltr'><strong>quae</strong></span> <span class='ocrx_word' id='word_1_774' title='bbox 1671 5078 1794 5128; x_wconf 82' lang='lat' dir='ltr'><strong>fecit</strong></span> <span class='ocrx_word' id='word_1_775' title='bbox 1827 5076 1987 5128; x_wconf 83' lang='lat' dir='ltr'><strong>Jesus</strong></span> <span class='ocrx_word' id='word_1_776' title='bbox 2023 5077 2074 5126; x_wconf 85' lang='lat' dir='ltr'><strong>in</strong></span> <span class='ocrx_word' id='word_1_777' title='bbox 2111 5079 2322 5130; x_wconf 86' lang='lat' dir='ltr'><strong>civitate</strong></span> <span class='ocrx_word' id='word_1_778' title='bbox 2356 5078 2620 5130; x_wconf 76' lang='lat' dir='ltr'><strong>Nazareth</strong></span> <span class='ocrx_word' id='word_1_779' title='bbox 2655 5093 2689 5128; x_wconf 89' lang='lat' dir='ltr'><strong>a</strong></span> <span class='ocrx_word' id='word_1_780' title='bbox 2723 5080 2902 5144; x_wconf 84' lang='lat' dir='ltr'><strong>quinto</strong></span> <span class='ocrx_word' id='word_1_781' title='bbox 2937 5093 3106 5143; x_wconf 90' lang='lat' dir='ltr'><strong>usque</strong></span> <span class='ocrx_word' id='word_1_782' title='bbox 3141 5077 3210 5129; x_wconf 88' lang='lat' dir='ltr'><strong>ad</strong></span> <span class='ocrx_word' id='word_1_783' title='bbox 3243 5085 3485 5130; x_wconf 85' lang='lat' dir='ltr'><strong>octavum</strong></span> <span class='ocrx_word' id='word_1_784' title='bbox 3520 5080 3711 5129; x_wconf 82' lang='lat' dir='ltr'><strong>aetatis</strong></span> <span class='ocrx_word' id='word_1_785' title='bbox 3746 5094 3955 5130; x_wconf 88' lang='lat' dir='ltr'><strong>annum.</strong></span> 
     </span>
    </p>

    <p class='ocr_par' dir='ltr' id='par_1_10' title="bbox 1168 5161 4740 5318">
     <span class='ocr_line' id='line_1_52' title="bbox 1378 5161 4740 5231; baseline 0 -17"><span class='ocrx_word' id='word_1_786' title='bbox 1378 5162 1617 5215; x_wconf 86' lang='lat' dir='ltr'><strong>Ceterum</strong></span> <span class='ocrx_word' id='word_1_787' title='bbox 1655 5161 1722 5214; x_wconf 92' lang='lat' dir='ltr'><strong>de</strong></span> <span class='ocrx_word' id='word_1_788' title='bbox 1758 5163 1841 5213; x_wconf 88' lang='lat' dir='ltr'><strong>his</strong></span> <span class='ocrx_word' id='word_1_789' title='bbox 1875 5163 2022 5214; x_wconf 86' lang='lat' dir='ltr'><strong>libris</strong></span> <span class='ocrx_word' id='word_1_790' title='bbox 2041 5162 2277 5215; x_wconf 80' lang='lat' dir='ltr'><strong>Thomae</strong></span> <span class='ocrx_word' id='word_1_791' title='bbox 2311 5163 2587 5230; x_wconf 87' lang='lat' dir='ltr'><strong>adscriptis</strong></span> <span class='ocrx_word' id='word_1_792' title='bbox 2610 5180 2663 5216; x_wconf 85' lang='lat' dir='ltr'><strong>v.</strong></span> <span class='ocrx_word' id='word_1_793' title='bbox 2681 5164 2970 5216; x_wconf 82' lang='lat' dir='ltr'><strong>Thilonem·</strong></span> <span class='ocrx_word' id='word_1_794' title='bbox 2991 5166 3046 5216; x_wconf 91' lang='lat' dir='ltr'><strong>in</strong></span> <span class='ocrx_word' id='word_1_795' title='bbox 3081 5165 3280 5231; x_wconf 77' lang='lat' dir='ltr'><strong>proleg.</strong></span> <span class='ocrx_word' id='word_1_796' title='bbox 3314 5163 3398 5225; x_wconf 70' lang='lat'><strong>§5</strong></span> <span class='ocrx_word' id='word_1_797' title='bbox 3432 5179 3483 5229; x_wconf 89' lang='lat' dir='ltr'><strong>p.</strong></span> <span class='ocrx_word' id='word_1_798' title='bbox 3508 5162 3736 5216; x_wconf 69' lang='lat' dir='ltr'><strong>nxxnl</strong></span> <span class='ocrx_word' id='word_1_799' title='bbox 3763 5165 3942 5227; x_wconf 82' lang='lat' dir='ltr'><strong>-xcl,</strong></span> <span class='ocrx_word' id='word_1_800' title='bbox 3977 5163 4422 5216; x_wconf 63' lang='lat' dir='ltr'><strong>Tischendorfium</strong></span> <span class='ocrx_word' id='word_1_801' title='bbox 4459 5166 4513 5215; x_wconf 91' lang='lat' dir='ltr'><strong>in</strong></span> <span class='ocrx_word' id='word_1_802' title='bbox 4533 5164 4740 5230; x_wconf 77' lang='lat' dir='ltr'><strong>proleg.</strong></span> 
     </span>
     <span class='ocr_line' id='line_1_53' title="bbox 1168 5247 4359 5318; baseline 0.001 -18"><span class='ocrx_word' id='word_1_803' title='bbox 1168 5250 1240 5300; x_wconf 83' lang='lat' dir='ltr'><strong>ad</strong></span> <span class='ocrx_word' id='word_1_804' title='bbox 1276 5263 1466 5315; x_wconf 75' lang='lat' dir='ltr'><strong>evang.</strong></span> <span class='ocrx_word' id='word_1_805' title='bbox 1500 5265 1675 5315; x_wconf 88' lang='lat' dir='ltr'><strong>apocr.</strong></span> <span class='ocrx_word' id='word_1_806' title='bbox 1710 5265 1745 5315; x_wconf 95' lang='lat' dir='ltr'><strong>p</strong></span> <span class='ocrx_word' id='word_1_807' title='bbox 1779 5248 2314 5316; x_wconf 65' lang='lat' dir='ltr'><strong>xxxma-XLIX,</strong></span> <span class='ocrx_word' id='word_1_808' title='bbox 2349 5249 2568 5302; x_wconf 88' lang='lat' dir='ltr'><strong>eundem</strong></span> <span class='ocrx_word' id='word_1_809' title='bbox 2606 5252 2662 5302; x_wconf 90' lang='lat' dir='ltr'><strong>in</strong></span> <span class='ocrx_word' id='word_1_810' title='bbox 2695 5250 2828 5304; x_wconf 90' lang='lat' dir='ltr'><strong>libro</strong></span> <span class='ocrx_word' id='word_1_811' title='bbox 2866 5251 2930 5304; x_wconf 87' lang='lat' dir='ltr'><strong>de</strong></span> <span class='ocrx_word' id='word_1_812' title='bbox 2968 5266 3159 5318; x_wconf 77' lang='lat' dir='ltr'><strong>evang.</strong></span> <span class='ocrx_word' id='word_1_813' title='bbox 3195 5251 3479 5316; x_wconf 73' lang='lat' dir='ltr'><strong>apocryph.</strong></span> <span class='ocrx_word' id='word_1_814' title='bbox 3519 5253 3649 5317; x_wconf 77' lang='lat' dir='ltr'><strong>orig.</strong></span> <span class='ocrx_word' id='word_1_815' title='bbox 3689 5257 3744 5303; x_wconf 94' lang='lat' dir='ltr'><strong>et</strong></span> <span class='ocrx_word' id='word_1_816' title='bbox 3777 5267 3877 5304; x_wconf 91' lang='lat' dir='ltr'><strong>usu</strong></span> <span class='ocrx_word' id='word_1_817' title='bbox 3912 5247 4030 5313; x_wconf 73' lang='lat'><strong>§10</strong></span> <span class='ocrx_word' id='word_1_818' title='bbox 4065 5265 4114 5316; x_wconf 89' lang='lat' dir='ltr'><strong>p.</strong></span> <span class='ocrx_word' id='word_1_819' title='bbox 4135 5247 4359 5303; x_wconf 72' lang='lat'><strong>35-43.</strong></span> 
     </span>
    </p>
   </div>
  </div>
 </body>
</html>
