5242 6280
2889 724 2978 793 sd

1137 934 1218 985 illi
1261 938 1450 1000 poetae
1492 933 1737 986 theotisci
1777 935 1964 999 partim
2014 949 2079 985 ex
2114 933 2246 985 libro
2292 932 2358 985 de
2394 934 2669 986 nativitate
2689 933 2895 984 Mariae
2921 930 2994 997 (v.
3019 932 3140 983 adn.
3158 925 3286 986 68⁸.
3315 929 3433 986 114.
3459 929 3561 985 117
3580 931 3673 985 fin.
3700 927 3812 984 120.
3843 930 3980 997 157),
4023 937 4209 999 partim
4259 950 4323 987 ex
4370 935 4503 987 libro
4539 935 4605 986 de
4640 936 4718 984 in-

1138 1020 1315 1071 fantia
1336 1019 1538 1071 Mariae
1574 1025 1627 1071 et
1651 1020 1845 1071 Christi
1880 1020 2156 1072 salvatoris
2189 1022 2269 1078 (v.
2294 1019 2413 1072 adn.
2433 1016 2533 1072 134
2576 1012 2692 1072 136.
2714 1016 2836 1072 145.
2855 1011 2977 1071 160.
3001 1015 3117 1072 167.
3136 1014 3250 1071 185.
3275 1013 3393 1073 195.
3410 1013 3529 1070 222.
3546 1012 3668 1072 226.
3687 1015 3807 1072 234.
3835 1013 3979 1082 250),
4015 1023 4199 1085 partim
4236 1037 4301 1073 ex
4334 1022 4452 1072 aliis
4487 1020 4721 1072 fontibus

1137 1106 1211 1163 (v.
1235 1103 1357 1156 adn.
1382 1101 1463 1157 72.
1484 1101 1625 1171 235),
1660 1105 1728 1157 de
1763 1107 1953 1172 quibus
1988 1104 2120 1157 alias
2155 1104 2548 1171 disputabimus.

1343 1190 1591 1256 Denique
1631 1190 2024 1243 memorandum
2078 1195 2158 1242 est
2190 1191 2536 1243 Wernheri
2587 1190 2863 1257 cujusdam
2896 1190 3176 1242 Alemanni
3208 1185 3444 1255 (propria
3485 1189 3701 1257 linguae
3741 1190 3904 1241 talem
3954 1203 4074 1240 eum
4117 1190 4360 1256 produnt)
4397 1208 4605 1245 carmen
4652 1192 4718 1242 de

1138 1275 1252 1326 vita
1284 1275 1488 1326 Mariae
1524 1278 1746 1343 virginis
1782 1277 1967 1329 eodem
2000 1277 2112 1328 fere
2147 1282 2400 1343 tempore,
2445 1282 2503 1329 ut
2535 1277 2729 1338 fertur,
2764 1276 3134 1341 conscriptum.
3187 1273 3356 1325 codex
3395 1280 3596 1339 exstat,
3633 1276 3774 1342 quod
3810 1274 4052 1342 equidem
4086 1278 4262 1340 sciam,
4296 1281 4482 1329 unicus
4498 1277 4718 1329 Heidel-

1137 1362 1442 1429 bergensis‚
1478 1377 1617 1414 anno
1647 1360 1783 1417 1382
1817 1363 2103 1415 confectus.
2170 1368 2440 1414 auctorem
2483 1362 2799 1413 narrationis
2846 1365 3009 1427 poeta
3053 1360 3167 1427 ipse
3215 1361 3451 1411 nominat
3491 1366 3730 1413 sanctum
3762 1361 4076 1425 Dionysium
4112 1361 4148 1410 i.
4186 1376 4232 1412 e.
4264 1362 4451 1415 librum
4494 1364 4716 1415 latinum

1140 1453 1351 1499 secutus
1388 1453 1469 1499 est
1501 1450 1737 1515 spurium
1772 1449 1911 1515 quod
1946 1447 2043 1499 sub
2079 1448 2293 1499 nomine
2307 1448 2553 1513 Dionysii
2587 1446 3068 1499 circumferebatur.
3120 1460 3274 1512 quem
3299 1444 3491 1498 librum
3519 1445 3658 1499 dicat
3681 1450 3885 1515 ignoro,
3921 1448 4047 1513 quia
4078 1452 4444 1512 argumentum
4464 1450 4717 1500 carminis

1143 1539 1468 1599 compertum
1503 1551 1609 1586 non
1643 1535 1828 1587 habeo.
1880 1549 2055 1600 pauca
2090 1531 2155 1583 de
2184 1535 2415 1585 carmine
2444 1533 2711 1599 disputata
2737 1533 2901 1584 babes
2937 1534 2994 1583 in
3018 1531 3260 1584 Wilkeni
3292 1531 3412 1584 hist.
3431 1531 3558 1584 bibl.
3584 1533 3927 1599 Heidelberg.
3964 1547 4016 1597 p.
4039 1531 4139 1585 451
4179 1537 4232 1584 et
4265 1533 4320 1582 in
4354 1548 4566 1598 corpore
4602 1536 4726 1600 lyri-

1144 1636 1324 1672 corum
1357 1620 1731 1674 theotiscorum
1765 1619 1907 1687 qnod
1943 1617 2109 1670 edidit
2142 1635 2250 1671 von
2282 1619 2376 1671 der
2409 1619 2601 1687 Hagen
2638 1624 2748 1670 tom
2784 1620 2833 1671 4.
2871 1635 2905 1685 p
2942 1615 3061 1672 515.
3099 1618 3221 1670 adn.
3243 1615 3292 1671 1.

1143 1814 1369 1931 Restat
1399 1883 1461 1929 ut
1499 1892 1672 1944 pauca
1707 1876 1943 1928 dicamus
1980 1874 2047 1928 de
2080 1876 2205 1928 libri
2240 1892 2395 1942 quem
2428 1876 2569 1927 foliis
2604 1877 2950 1943 sequentibus
2984 1879 3126 1944 typis
3164 1874 3529 1929 excudendum
3563 1874 3862 1926 curavimus
3896 1873 4088 1925 edendi
4121 1876 4326 1927 ratione
4362 1880 4417 1927 et
4450 1874 4517 1926 de
4551 1875 4727 1926 codice

1147 1980 1303 2029 quem
1338 1978 1520 2017 sumus
1553 1965 1739 2015 secuti.
1792 1961 1959 2014 codex
1993 1959 2082 2027 (de
2116 1976 2221 2027 quo
2256 1962 2423 2012 fusius
2457 1962 2593 2012 alias
2628 1963 2933 2030 propediem
2968 1964 3277 2027 scribemus,
3311 1962 3538 2029 spatium
3571 1960 3710 2011 enim
3744 1960 3873 2010 satis
3913 1959 4119 2027 largum
4148 1960 4237 2012 bic
4262 1960 4430 2029 deest)
4467 1961 4728 2027 quondam

1144 2052 1245 2102 fuit
1278 2049 1660 2102 Zvvivaldensis
1696 2050 2091 2114 (monasterium
2131 2048 2497 2099 Zwivaldense
2543 2047 2813 2100 conditum
2856 2055 2937 2101 est
2971 2066 3021 2101 a.
3051 2045 3234 2113 1080),
3285 2046 3442 2100 hodie
3486 2052 3568 2098 est
3593 2046 3994 2113 Stuttgartensis
4035 2047 4385 2099 bibliothecae
4419 2049 4602 2113 regiae
4636 2064 4728 2113 pu-

1141 2138 1341 2190 blicae:
1399 2137 1515 2190 cod.
1542 2135 1708 2189 theol.
1728 2132 1791 2186 8⁰
1820 2150 1899 2185 nr.
1921 2132 2004 2185 57.
2064 2136 2298 2186 continet
2339 2139 2549 2200 praeter
2589 2134 2700 2186 alia
2733 2151 2869 2200 quae
2910 2141 3036 2188 sunt
3076 2136 3291 2188 minoris
3335 2134 3584 2185 momenti
3624 2132 3803 2197 plures
3845 2131 4009 2211 librps
4054 2132 4246 2186 latinos
4293 2134 4622 2200 apocryphos
4676 2140 4728 2185 et

1145 2223 1338 2275 librum
1359 2224 1647 2277 Brandani.
1699 2222 1942 2288 pluribus
1975 2221 2223 2272 manibus
2257 2236 2365 2272 sec.
2395 2216 2455 2272 11
2489 2222 2732 2271 exeuntis
2776 2221 3046 2289 eleganter
3091 2226 3174 2273 est
3208 2225 3471 2272 exaratus.
3521 2217 3658 2269 liber
3702 2221 3882 2269 noster
3925 2216 3992 2269 de
4025 2218 4249 2270 infantia
4281 2225 4498 2272 sanctae
4525 2220 4728 2270 Mariae
4799 2268 4806 2275 .

1148 2316 1201 2360 et
1226 2308 1424 2361 Christi
1459 2308 1770 2372 salvatoris,
1806 2309 1897 2373 qui
1933 2310 2015 2358 est
2048 2307 2244 2372 primus
2280 2305 2504 2369 codicis,
2548 2307 2616 2358 ab
2653 2321 2759 2359 uno
2797 2307 3084 2374 eodemque
3124 2306 3338 2358 librario
3372 2306 3619 2370 scriptus.
3682 2307 4034 2356 correctorum
4066 2304 4246 2370 plures
4281 2321 4469 2357 manus
4505 2305 4730 2358 discerni

1141 2400 1361 2460 possunt
1376 2433 1390 2459 ,
1444 2410 1664 2461 quarum
1710 2410 1819 2444 una
1861 2391 2099 2459 ejusdem
2143 2396 2303 2459 atque
2346 2392 2595 2444 librarius
2640 2394 2835 2443 aetatis
2878 2408 2997 2444 esse
3041 2399 3290 2459 apparet,
3332 2391 3524 2458 reliqui
3570 2391 3888 2441 recentiores
3931 2388 4189 2441 videntur.
4241 2390 4512 2443 librarium
4556 2393 4728 2444 bonae

1145 2480 1361 2533 scholae
1394 2480 1559 2533 fuisse
1595 2484 1649 2532 et
1679 2480 1949 2532 literarum
1984 2478 2145 2530 ductu
2179 2484 2233 2531 et
2266 2478 2531 2531 scribendi
2558 2479 3013 2545 membrorumque
3036 2479 3292 2530 orationis
3325 2494 3421 2544 per
3448 2478 3605 2543 signa
3639 2482 3787 2529 certa
3819 2476 4216 2528 accuratissime
4240 2475 4725 2545 distinguendorum

1145 2566 1353 2617 ratione
1386 2566 1652 2630 probatur.
1717 2570 1952 2616 ceterum
1984 2563 2119 2615 haec
2155 2566 2308 2632 signa
2339 2567 2541 2631 primae
2574 2580 2760 2616 manns
2796 2580 2902 2615 non
2938 2570 3059 2616 sunt
3092 2566 3283 2616 omnia.
3346 2569 3560 2630 propter
3593 2564 3732 2614 hanc
3778 2578 3934 2629 quam
3970 2559 4193 2613 diximus
4230 2562 4422 2614 codicis
4457 2569 4725 2630 praestan-

1146 2653 1298 2713 tiam,
1346 2667 1482 2718 quae
1516 2650 1803 2704 concordat
1835 2665 1956 2701 cum
1989 2651 2315 2715 praestantia
2348 2650 2663 2711 lectionum,
2709 2650 2902 2702 librum
2943 2649 3088 2702 baud
3129 2650 3401 2717 indignum
3447 2650 3747 2701 censuimus
3791 2664 3944 2714 quem
3981 2663 4187 2700 summa
4220 2648 4496 2715 diligentia
4528 2655 4582 2701 et
4614 2653 4729 2714 pari

1150 2735 1252 2787 fide
1287 2740 1664 2804 exprimamus,
1716 2741 1792 2789 ita
1825 2744 2002 2790 tamen
2046 2741 2107 2787 ut
2152 2735 2415 2787 vocabula
2454 2749 2549 2801 per
2590 2740 2747 2787 notas
2792 2740 2845 2788 et
2885 2736 3198 2803 compendia
3238 2738 3435 2802 scripta
3477 2735 3764 2787 solvamus.
3822 2733 4179 2800 distinguendi
4214 2735 4393 2801 signa,
4436 2751 4571 2802 quae
4606 2742 4729 2787 sunt

1147 2828 1374 2887 quatuor
1408 2822 1446 2887 (.
1475 2823 1528 2874 ¹!
1546 2820 1628 2890 2),
1670 2824 2068 2875 accuratissime
2102 2822 2446 2873 servavimus.
2506 2836 2645 2887 quae
2687 2836 2792 2888 quo
2827 2822 3048 2874 consilio
3084 2828 3139 2874 et
3174 2839 3280 2891 qua
3312 2825 3516 2875 ratione
3550 2838 3585 2873 a
3617 2819 3831 2871 librario
3867 2819 4104 2871 adbibita
4137 2821 4270 2883 sint,
4315 2822 4403 2887 qui
4449 2821 4728 2888 diligenter

1146 2908 1330 2975 legent
1362 2911 1540 2962 statim
1580 2915 1918 2976 cognoscent.
1987 2909 2089 2960 hoc
2134 2908 2304 2958 solum
2348 2922 2566 2971 moneo,
2610 2923 2677 2958 ne
2712 2909 2830 2973 quis
2866 2910 3120 2976 signnm!
3165 2910 3359 2961 habeat
3404 2907 3799 2959 exclamationis
3842 2906 4048 2973 signum
4064 2942 4078 2968 ,
4128 2922 4348 2958 munere
4391 2909 4529 2958 enim
4575 2908 4729 2959 modo

1145 2994 1418 3045 commatis
1471 2994 1623 3046 modo
1679 2994 1913 3047 semicoli
1947 2994 2087 3061 quod
2120 2995 2354 3053 vocatur,
2393 2997 2455 3043 ut
2487 3007 2573 3043 res
2607 2990 2726 3055 fert,
2760 2993 3011 3060 fungitur.
3065 2996 3158 3061 qui
3190 2996 3244 3045 in
3279 2992 3461 3044 codice
3496 2992 3746 3043 rubricati
3779 2997 3904 3043 sunt
3938 2996 3994 3043 et
4025 2991 4167 3064 titpli
4202 2998 4256 3043 et
4286 2993 4472 3044 literae
4504 2994 4728 3045 initiales

1146 3079 1431 3146 pinguibus
1467 3094 1595 3147 quos
1630 3084 1824 3131 vocant
1856 3080 1999 3146 typis
2035 3078 2401 3145 expressimus.
2452 3076 2583 3129 folia
2615 3078 2814 3130 codicis
2859 3084 2913 3132 et
2944 3084 3090 3132 recta
3132 3085 3186 3131 et
3217 3094 3375 3131 versa
3419 3079 3648 3130 numeris
3690 3079 3746 3128 in
3789 3080 4029 3145 margine
4064 3079 4246 3145 positis
4281 3081 4602 3144 notavimus,
4637 3081 4728 3132 ubi

1146 3170 1343 3216 exeunt
1377 3165 1574 3218 codicis
1609 3166 1808 3233 pagina
1840 3166 1978 3216 intra
2003 3169 2200 3216 textum
2227 3166 2439 3231 signum
2466 3159 2478 3231 Ι
2508 3166 2760 3216 insertum
2787 3169 2885 3216 est.
2939 3181 3043 3232 quo
3077 3166 3205 3217 ordo
3239 3180 3415 3217 rerum
3448 3165 3637 3216 melius
3672 3165 4009 3231 dignoscatur
4045 3172 4098 3217 et
4130 3166 4342 3217 facilius
4378 3169 4529 3218 citari
4562 3170 4732 3233 possit

1150 3251 1503 3319 capitulorum
1548 3267 1798 3303 numeros
1842 3252 1994 3302 uncis
2037 3249 2271 3301 inclusos
2323 3266 2388 3301 ex
2432 3249 2769 3301 distinctione
2801 3249 3071 3314 Thilonis,
3122 3266 3277 3317 qnam
3315 3252 3473 3302 etiam
3508 3250 3929 3302 Tiscbendorfius
3976 3257 4187 3302 secutus
4231 3260 4344 3315 est,
4395 3253 4452 3303 in
4496 3255 4730 3319 margine

1146 3339 1435 3402 posuimus.
1642 3338 1706 3388 In
1741 3336 2166 3389 adnotationibus
2199 3335 2369 3387 textui
2402 3335 2697 3400 subjunctis
2732 3337 2918 3401 partim
2940 3334 3007 3387 de
3030 3334 3225 3388 codicis
3249 3338 3507 3402 scriptura
3533 3335 3735 3402 egimus
3761 3335 3885 3402 quid
3910 3337 3986 3387 sit·
4000 3336 4194 3388 librarii
4216 3338 4341 3403 quid
4360 3346 4726 3399 correctorum,

1153 3424 1343 3487 partim
1376 3422 1634 3474 lectiones
1670 3422 1870 3474 codicis
1903 3420 2230 3473 defendimus
2264 3426 2319 3473 et
2352 3421 2707 3486 probavimus,
2739 3422 2929 3487 partim
2964 3420 3223 3473 vocabula
3256 3420 3550 3473 difficiliora
3584 3427 3637 3474 et
3671 3422 4057 3473 enuntiationes
4093 3438 4127 3472 a
4161 3426 4423 3475 communi
4450 3441 4547 3475 usu
4583 3441 4725 3476 rece-

1148 3507 1336 3560 dentes
1372 3508 1775 3574 explicavimus,
1820 3508 2011 3574 partim
2045 3507 2285 3572 singulas
2320 3523 2406 3559 res
2442 3507 2542 3559 hoc
2577 3507 2715 3559 libro
2750 3514 3022 3559 enarratas
3057 3524 3172 3559 cnm
3209 3508 3599 3559 narrationibus
3632 3507 3856 3559 aliorum
3891 3507 4142 3559 librorum
4177 3509 4594 3575 apocryphorum
4628 3526 4728 3562 nec

1148 3608 1257 3644 non
1291 3595 1582 3645 carminum
1617 3595 1673 3644 in
1712 3593 1997 3646 Germania
2028 3593 2436 3659 compositorum
2470 3594 2907 3658 comparavimus,
2942 3594 3129 3659 partim
3167 3594 3395 3660 denique
3428 3594 3535 3645 alia
3569 3593 3637 3645 ad
3672 3609 3758 3645 res
3792 3594 4110 3659 pertinentia
4143 3595 4300 3645 etiam
4319 3595 4384 3645 de
4411 3595 4600 3646 fabulis
4637 3599 4727 3661 qui

1145 3681 1426 3744 serpserint
1459 3685 1514 3731 et
1548 3677 1851 3746 divulgatae
1883 3679 1990 3730 sint
2022 3679 2338 3730 notavimus.
2545 3677 2794 3730 Codicem
2847 3684 3085 3731 nostrum
3128 3682 3359 3731 omnium
3404 3682 3497 3746 qui
3542 3679 3714 3731 adhuc
3761 3680 4095 3730 innotuerunt
4138 3680 4254 3731 libri
4300 3681 4365 3730 de
4412 3697 4513 3747 quo
4555 3685 4727 3747 agitur

1146 3767 1398 3830 optimum
1434 3780 1551 3818 esse
1585 3767 1676 3833 qui
1709 3781 1819 3817 rem
1853 3763 2131 3832 diligenter
2164 3764 2494 3830 perspexerit
2527 3779 2637 3815 non
2668 3765 2899 3832 negabit.
2935 3765 3096 3817 habet
3129 3767 3307 3833 utique
3341 3766 3595 3818 lectiones
3627 3767 4036 3831 praestantiores
4073 3764 4391 3817 difficiliores
4428 3766 4500 3830 (v.
4528 3767 4648 3818 adn.
4674 3765 4726 3818 6.

1149 3848 1232 3902 14.
1269 3846 1354 3902 15.
1391 3847 1475 3902 43.
1508 3848 1594 3904 84.
1633 3849 1717 3903 88.
1754 3847 1840 3904 94.
1879 3847 1995 3902 125.
2034 3847 2152 3905 153.
2189 3848 2308 3903 181.
2347 3846 2461 3902 182.
2501 3846 2616 3902 191.
2656 3847 2768 3904 194.
2804 3845 2925 3903 230.
2969 3847 3121 3912 244),
3174 3854 3437 3904 rarissime
3484 3859 3565 3904 est
3606 3852 3947 3917 corrigendus
3989 3859 4061 3910 (v.
4107 3853 4225 3903 adn.
4260 3848 4381 3904 104.
4428 3848 4543 3905 105.
4589 3851 4724 3915 174).

1151 3934 1438 3986 secundum
1474 3936 1647 3988 locum
1681 3941 1865 3988 tenent
1897 3937 2220 3989 Parisienses
2255 3936 2521 3997 Thilonis,
2564 3938 2654 4002 qui
2691 3937 2899 4002 quidem
2933 3942 3132 3988 textum
3167 3952 3273 3988 non
3308 3939 3564 4003 praebent
3597 3939 3872 4003 optimum,
3916 3937 4008 3987 sed
4044 3952 4149 3987 non
4186 3939 4633 3990 contemnendum.
4672 3942 4723 3989 in

1142 4021 1401 4084 judicium
1437 4037 1556 4072 cum
1591 4022 1673 4074 his
1706 4022 1932 4073 vocandi
1966 4027 2089 4074 sunt
2121 4023 2224 4074 loci
2272 4037 2403 4088 quos
2453 4022 2691 4074 exhibuit
2715 4023 3024 4075 Vincentius
3059 4023 3471 4075 Bellovacensis.
3507 4024 3665 4075 tertio
3699 4023 3910 4074 tandem
3948 4023 4063 4074 loco
4097 4023 4325 4075 habendi
4361 4032 4482 4076 sunt
4517 4026 4723 4076 codices

1154 4107 1325 4158 Italici
1348 4107 1635 4159 Vaticanus
1671 4111 1724 4158 et
1741 4107 2144 4170 Laurentianus,
2179 4123 2396 4175 quorum
2434 4110 2658 4173 priorem
2694 4112 2943 4174 tanquam
2980 4110 3229 4175 optimum
3248 4107 3671 4160 Tischendorfius
3707 4112 3927 4162 maxime
3963 4115 4173 4162 secutus
4210 4119 4304 4161 est.
4340 4110 4432 4164 sed
4468 4128 4529 4162 eo
4565 4112 4717 4162 modo

1150 4208 1253 4257 quo
1288 4191 1678 4257 interpretando
1715 4196 1767 4243 et
1800 4192 2106 4260 corrigendo
2144 4192 2474 4247 difficultates
2509 4194 2694 4246 tollere
2730 4194 2940 4246 student
2975 4194 3116 4247 haud
3150 4196 3360 4247 maximi
3396 4193 3744 4246 aestimandos
3782 4213 3841 4247 se
3878 4212 3993 4248 esse
4029 4197 4130 4262 ipsi
4168 4199 4296 4248 satis
4333 4197 4475 4249 clare
4513 4197 4715 4248 docent.

5179 3082 5231 3244 -..Aa

5215 3431 5231 3682 *fla-1

5225 5179 5230 5200 „
5189 4341 5231 5120 ssim-t

5217 5369 5231 5530 mm*
5229 5307 5230 5310 „

5204 5893 5231 6206 „„-u-—g‘·
