5242 6280
538 892 894 974 integritate
953 894 1420 974 permanerem!
1473 894 1537 959 in
1593 912 1718 976 quo
1769 911 1869 958 me
1924 891 2166 961 confido
2221 894 2341 977 ipsi
2396 895 2504 962 soli
2559 896 2805 964 seruire.
2861 903 2926 963 et
2967 897 3089 979 ipsi
3129 897 3237 964 soli
3279 899 3517 965 uiuere.
3560 902 3626 964 et
3666 896 3787 978 ipsi
3832 896 3940 963 soli
3982 897 4118 963 sine

534 1012 746 1094 aliqua
789 1012 1132 1094 pollutione
1185 1013 1483 1095 quamdiu
1525 1015 1736 1079 uixero
1776 1031 2160 1094 permanere.
2252 1015 2425 1082 Tunc
2465 1015 2898 1083 Oseulabantur
2938 1017 3152 1085 omnes
3186 1036 3389 1101 genua
3428 1018 3592 1085 eins!
3643 1017 3935 1100 rogantes
3982 1036 4120 1084 eam

534 1137 605 1196 ut
645 1133 828 1198 daret
865 1131 1167 1208 malis¹⁵⁸)
1222 1131 1347 1197 suis
1376 1131 1829 1219 suspiciolnibus
1862 1133 2336 1217 indulgentiam.
2391 1140 2458 1203 et
2510 1137 2902 1204 deduxerunt
2954 1156 3094 1204 eam
3147 1138 3364 1205 omnes
3404 1138 3619 1221 populi
3674 1142 3741 1204 et
3783 1136 4131 1204 sacerdotes
4154 1144 4266 1200 mr.

532 1256 599 1316 et
628 1252 846 1318 omnes
865 1250 1144 1335 uirgines
1176 1270 1315 1317 cum
1354 1252 1732 1318 exultatione
1777 1259 1842 1320 et
1874 1255 2103 1336 gaudio
2137 1255 2326 1337 usque
2368 1256 2433 1322 in
2468 1256 2720 1322 domum
2754 1256 2923 1323 suam
2958 1258 3300 1326 clamantes
3322 1263 3387 1325 et
3418 1257 3702 1324 dicentes.
3766 1256 3864 1324 Sit
3897 1276 4124 1324 nomen

535 1372 771 1437 domini
814 1372 1209 1439 benedictum
1254 1372 1362 1454 qui
1406 1367 1824 1439 manifestauit
1865 1372 2257 1442 sanctitatem
2300 1383 2475 1442 tuam
2518 1378 2802 1444 uniuerso
2821 1378 2929 1453 ¹³⁶)
2971 1378 3167 1445 israel.
3178 1379 3285 1457 ¹⁵⁷)

735 1489 994 1575 Factum
1024 1510 1112 1574 est
1142 1514 1353 1575 autem
1386 1508 1519 1590 post
1547 1510 1934 1593 aliquantum
1966 1513 2269 1596 temporis
2299 1519 2370 1580 ut
2409 1512 2576 1581 facta
2604 1514 2755 1581 effet
2784 1514 3074 1597 profess'io
3118 1515 3427 1604 exedicto
3472 1513 3699 1580 cesaris
3731 1513 4012 1596 augusti!
4054 1519 4127 1581 ut
4159 1512 4307 1582 [Cap.
4329 1511 4432 1581 13.]

539 1633 908 1710 properaret
936 1627 1343 1710 unusquisque
1387 1629 1467 1694 ad
1496 1632 1763 1711 patriam
1793 1632 1983 1700 suam.
2038 1632 2176 1714 Hec
2218 1632 2385 1700 facta
2427 1635 2517 1700 est
2558 1634 2793 1717 profeff
2794 1635 2855 1702 io
2906 1636 3110 1718 prima
3152 1635 3257 1703 sub
3300 1634 3550 1717 preside
3583 1633 3736 1715 sirie
3783 1633 4017 1700 cirino!
4059 1640 4125 1701 et

533 1745 654 1812 fuit
711 1747 946 1813 necess'e
1006 1754 1077 1811 ut
1127 1747 1347 1829 ioseph
1401 1765 1540 1814 cum
1585 1752 1785 1817 maria
1829 1751 2317 1835 proficisceretur
2359 1755 2691 1821 bethleem.
2750 1757 2898 1838 quia
2941 1755 3020 1821 de
3062 1754 3231 1821 tribu
3273 1755 3423 1819 iuda
3466 1756 3770 1834 erant¹³⁸)
3817 1755 3895 1820 de
3938 1755 4121 1821 domo

532 1873 599 1932 et
652 1869 860 1949 patria
918 1866 1124 1932 dauid.
1146 1867 1255 1942 ¹⁵⁹)
1346 1866 1503 1934 Cum
1558 1890 1706 1954 ergo
1763 1874 1930 1939 irent
1982 1893 2095 1957 per
2150 1877 2319 1940 uiam
2373 1894 2496 1958 que
2551 1877 2725 1943 ducit
2740 1876 2846 1955 ¹⁶⁰)
2906 1874 3233 1941 bethleem.
3293 1874 3451 1939 dixit
3502 1874 3702 1940 maria
3754 1874 3836 1939 ad
3892 1874 4116 1957 ioseph.

534 1987 714 2052 Duos
759 1987 1020 2069 populos
1042 1988 1149 2067 ¹⁶¹)
1204 1988 1388 2055 uideo
1418 1995 1590 2073 ⁶ante
1641 1993 1780 2057 me!
1844 2012 2039 2059 unum
2093 1992 2345 2060 flentem
2410 2001 2477 2061 et
2532 1997 2725 2062 alium
2774 1996 2787 2081 Ι
2834 1996 3229 2078 gaudentem.
3343 1993 3459 2059 Cui
3513 1993 3832 2076 respondit
3881 1993 4118 2075 ioseph.
4153 1987 4280 2043 2⁰*-

535 2106 698 2172 Sede
753 2113 818 2172 et
870 2112 1013 2171 tene
1069 2107 1453 2173 iumentum!
1507 2116 1573 2176 et
1613 2112 1740 2177 noli
1782 2112 1980 2180 uerba
2021 2113 2328 2197 superflua
2371 2115 2560 2198 loqui.
2650 2116 2822 2182 Tunc
2878 2117 3127 2198 aparuit
3163 2133 3320 2197 puer
3361 2112 3666 2196 speciosus
3696 2118 3843 2179 ante
3886 2113 3994 2179 eos
4026 2115 4120 2179 in-

534 2226 726 2292 dutus
756 2225 923 2292 ueste
969 2225 1290 2308 splendida
1312 2229 1436 2304 ¹⁶²).
1497 2235 1562 2295 et
1607 2232 1762 2297 dixit
1805 2232 1886 2299 ad
1928 2233 2155 2316 ioseph.
2228 2233 2436 2313 Quare
2482 2236 2683 2301 dixisti
2726 2235 2923 2302 uerba
2966 2235 3084 2301 esse
3126 2232 3434 2316 superflua
3478 2233 3556 2298 de
3600 2231 3844 2299 duobus
3877 2233 4133 2315 populis

531 2345 695 2428 quod
740 2344 1014 2411 audisti?
1079 2345 1243 2412 Nam
1286 2350 1583 2431 populum
1624 2352 1950 2418 iudeorum
1994 2352 2251 2421 flentem
2294 2356 2474 2423 uidit.
2492 2357 2598 2435 ¹⁶³)
2644 2357 2792 2438 quia
2835 2355 3086 2422 recessit
3114 2372 3154 2419 a
3182 2354 3341 2420 deo!
3384 2358 3449 2419 et
3490 2354 3774 2435 gentium
3817 2353 4114 2435 populum

529 2466 902 2547 gaudentem
949 2465 1210 2549 respicit.
1258 2470 1406 2551 quia
1450 2471 1703 2537 accessit
1746 2472 1827 2537 ad
1872 2473 2189 2540 dominum
2221 2475 2548 2542 secundvm
2571 2476 2678 2557 ¹⁰⁴)
2725 2476 2894 2557 quod
2937 2474 3221 2558 promisit
3264 2473 3553 2556 patribus
3585 2472 3805 2539 nostris
3823 2472 4123 2539 abraham

461 2566 468 2576 ’
528 2585 705 2667 ysaac
763 2591 829 2650 et
880 2586 1074 2651 iacob.
1165 2588 1434 2671 Tempus
1478 2592 1643 2656 enim
1701 2593 2003 2659 aduenit!
2055 2600 2127 2661 ut
2172 2597 2233 2661 in
2278 2596 2504 2664 semine
2524 2599 2633 2675 ¹⁶³)
2691 2596 2926 2678 abrahe
2969 2594 3325 2662 benedictio
3368 2593 3656 2659 omnibus
3688 2593 3986 2676 gentibus
4017 2593 4128 2658 tri-

534 2703 782 2769 buatur.
872 2705 958 2770 Et
1001 2724 1141 2772 cum
1161 2710 1267 2787 ¹⁸⁰)
1314 2710 1429 2775 hec
1472 2710 1750 2777 dixisset!
1792 2715 1967 2780 iuss'it
2009 2714 2170 2781 stare
2214 2717 2559 2783 iumentum
2605 2722 2672 2782 et
2713 2716 2995 2798 precepit
3023 2714 3395 2782 descendere
3439 2716 3704 2781 mariam
3749 2714 3828 2779 de
3871 2712 4126 2778 animali

530 2830 596 2889 et
638 2824 989 2905 speluncam
1034 2827 1275 2909 ingredi
1295 2831 1400 2902 ¹⁶⁷)
1447 2831 1510 2896 in
1554 2849 1679 2912 qua
1717 2833 1958 2915 semper
2001 2839 2260 2918 tenebre
2306 2844 2506 2904 erant.
2544 2835 2556 2923 Ι
2593 2838 2744 2919 quia
2786 2837 2988 2902 lucem
3034 2836 3159 2903 diei
3190 2837 3438 2918 penitvs
3483 2854 3607 2900 non
3638 2835 3927 2901 habebat.
4001 2832 4127 2899 Sed
4158 2825 4275 2882 2¹1·

529 2945 591 3008 in
636 2944 904 3026 ingressu
947 2949 1143 3029 marie
1187 2951 1353 3031 cepit
1395 2956 1529 3017 tota
1573 2951 1863 3033 spelunca
1908 2955 2291 3036 splendorem
2335 2958 2567 3024 habere
2598 2956 2897 3022 nimium!
2940 2962 3005 3021 et
3048 2956 3226 3038 quasi
3270 2956 3357 3022 sol
3398 2955 3615 3022 inesset
3642 2957 3734 3021 ita
3776 2961 3912 3021 tota
3955 2952 4124 3035 cepit

733 3238 862 3297 155)
914 3240 1055 3292 Vocis
1089 3240 1242 3295 malis
1267 3244 1469 3311 syllaba
1502 3264 1590 3300 ma
1623 3250 1985 3317 superscripta.
2022 3248 2200 3304 subter'
2223 3250 2319 3302 hae
2353 3258 2470 3301 ante
2503 3249 2679 3301 literas
2711 3247 2778 3302 lis
2807 3249 2971 3300 neseio
3004 3247 3129 3315 quid
3163 3263 3382 3301 erasum.
3561 3241 3685 3308 156)
3725 3245 3847 3297 Post
3879 3241 4125 3297 uniuerso

524 3325 765 3392 'mptum
799 3334 911 3378 “⁰⁸
943 3326 1115 3392 Plflbfl,
1150 3328 1296 3395 cujtw
1326 3332 1558 3384 vocabuli
1588 3336 1789 3403 syllaba
1818 3338 1975 3404 prior
2007 3340 2113 3404 ple,
2149 3354 2254 3405 qua
2285 3352 2462 3388 versus
2494 3335 2612 3398 exit,
2647 3335 2786 3387 linea
2821 3333 3155 3401 mbtevposita
3187 3332 3355 3384 deleta
3388 3339 3486 3393 est‚·
3529 3328 3732 3398 syllaba
3756 3332 4008 3398 posterior
4042 3333 4126 3394 be,

524 3428 654 3478 quae
688 3412 888 3464 initium
922 3414 1174 3480 sequentis
1206 3432 1382 3467 versus
1414 3420 1626 3483 tenebat,
1661 3440 1814 3475 erasa
1849 3432 1936 3476 est.
2126 3422 2249 3479 157)
2297 3423 2440 3486 Quae
2471 3422 2634 3489 capite
2666 3422 2928 3488 superiore
2959 3426 3272 3482 narrantur,
3296 3416 3550 3484 judicium
3582 3418 3895 3470 sacerdotum
3939 3418 4003 3469 de
4036 3417 4124 3469 Jo-

524 3496 673 3563 sepho
707 3505 754 3549 et
779 3499 959 3550 Maria
991 3499 1186 3567 virgine
1205 3504 1409 3569 sactum
1442 3505 1801 3578 amborumque
1832 3511 2072 3562 eastitatis
2105 3517 2335 3561 servatae
2360 3509 2611 3576 probatio,
2644 3508 2865 3576 pendent
2898 3526 2933 3559 a
2962 3506 3204 3559 relatione
3229 3504 3596 3572 protevamqelii
3616 3504 3795 3556 Jacobi
3819 3522 3930 3572 eap.
3955 3499 4126 3557 15.16

527 3580 693 3647 (apud
737 3585 998 3636 Thilonem
1024 3603 1082 3652 p.
1105 3584 1209 3639 228
1225 3602 1345 3652 sqq„
1380 3608 1465 3656 ap.
1497 3593 1720 3661 Tischds.
1741 3612 1801 3662 p.
1820 3593 1889 3647 27
1907 3595 2053 3660 ειη).
2090 3597 2225 3666 quod
2258 3596 2329 3648 ad
2360 3595 2635 3648 imitatores
2668 3595 2858 3657 attinet,
2893 3593 3206 3646 Hrodsvttha
3239 3592 3440 3660 quidem
3475 3599 3616 3647 tacet.
3684 3590 3989 3643 Wemhem
4017 3606 4123 3642 rem

525 3669 795 3721 secundum
836 3679 1064 3722 nostrum
1108 3673 1294 3725 librum
1334 3678 1495 3744 refert
1531 3675 1647 3743 187,
1675 3676 1828 3733 32—
1849 3678 1976 3746 191,
2008 3681 2098 3748 17,
2146 3685 2264 3736 item
2303 3683 2607 3737 Ouonradus
2648 3682 2706 3733 in
2745 3681 2966 3734 carmine
3008 3697 3100 3731 suo
3141 3679 3204 3730 de
3248 3678 3477 3746 infantia
3515 3677 3701 3730 Christi
3741 3677 4000 3744 composito
4044 3675 4123 3728 ed.

524 3753 703 3804 Halm.
731 3754 812 3819 73,
838 3754 906 3810 29
928 3787 994 3798 —-
1014 3758 1098 3820 75,
1118 3757 1203 3812 33.
1243 3764 1601 3827 praetermittit
1634 3766 1767 3819 hanc
1796 3768 2043 3835 fabulam
2076 3771 2202 3822 liber
2243 3771 2306 3822 de
2338 3770 2598 3822 nativitate
2636 3767 2844 3820 Mariae
2896 3774 2943 3816 et
2983 3782 3094 3816 mm
3137 3782 3194 3816 eo
3234 3773 3409 3817 auctor
3449 3765 3689 3816 caminis
3727 3765 3946 3817 theotisci
3988 3763 4124 3831 quod

529 3840 827 3893 Passionale
861 3852 1067 3894 vocatur
1099 3854 1146 3896 et
1183 3847 1456 3915 Philippus
1483 3850 1817 3905 Oartusianm
1852 3862 1898 3906 et
1934 3856 2220 3908 Waltherus
2257 3857 2469 3910 Beinav.
2478 3874 2497 3918 ‚·
2537 3852 2943 3922 praetermittunt
2975 3867 3086 3902 eam
3119 3852 3214 3903 alii
3244 3868 3440 3919 quoque
3473 3851 3594 3902 libri
3625 3851 3916 3918 apocryphi.

529 3924 654 3992 158)
704 3927 854 3978 Verbi
885 3937 1035 3983 erant
1066 3931 1214 3983 litera
1248 3950 1282 3984 n
1318 3938 1663 4004 superem-ipta
1697 3958 1732 3991 a
1765 3940 1978 3992 librario
2010 3942 2122 4009 ipso
2154 3950 2211 3993 ut
2242 3942 2457 3994 videtur.
2683 3935 2807 3997 159)
2858 3938 3096 3991 observes
3127 3938 3184 3989 in
3219 3938 3313 3988 hac
3346 3937 3410 3989 de
3442 3938 3597 3990 edicto
3636 3937 3869 3988 Caesaris
3901 3935 4121 4003 Anqusa·

524 4013 772 4065 relatione
817 4015 1003 4065 librum
1046 4025 1271 4069 nostrum
1312 4022 1512 4073 minime
1551 4026 1698 4092 sequi
1735 4027 1890 4078 verba
1933 4045 2108 4096 evang.
2148 4029 2321 4080 Lucae
2337 4025 2388 4093 Ξ,
2414 4026 2518 4081 1-
2532 4027 2567 4080 5
2604 4043 2669 4078 ex
2708 4025 2934 4077 versione
2975 4024 3201 4092 wlqoeta.
3442 4021 3563 4089 160)
3598 4022 3723 4073 Alia
3756 4038 3914 4073 manu
3958 4038 4118 4089 eaque

527 4100 773 4151 ecentiore
816 4110 873 4152 ut
906 4102 1103 4154 videtvae
1145 4108 1538 4175 superscriptum
1596 4119 1668 4162 est
1701 4113 1794 4175 ad,
1838 4114 1974 4180 quod
2014 4116 2163 4167 etiam
2191 4115 2364 4167 Paris.
2390 4114 2593 4181 primus
2628 4113 2802 4173 habet,
2844 4112 2976 4163 alter
3018 4114 3097 4173 in,
3146 4112 3430 4163 Vincentius
3463 4110 3658 4162 Bellon.
3682 4109 3717 4161 l.
3741 4127 3782 4160 e.
3806 4126 3916 4175 cap.
3942 4106 4010 4160 87
4044 4112 4117 4188 in,

524 4184 665 4236 codd.
702 4187 1068 4254 mckmadorfii
1105 4193 1412 4255 particulam
1455 4196 1696 4248 omittunt.
1940 4196 2060 4266 161)
2103 4203 2138 4255 i.
2175 4219 2217 4254 e.
2264 4201 2383 4253 aewei
2416 4199 2660 4254 &hav-en.
2729 4197 3041 4250 Hrodsvitha
3084 4198 3216 4249 duos
3251 4197 3516 4264 popellos,
3578 4195 3882 4248 Wernhems
3905 4191 4023 4256 193,
4047 4192 4116 4246 33

532 4273 617 4321 ein
653 4272 809 4324 volch
843 4281 940 4325 unt
976 4276 1060 4325 ein
1095 4272 1261 4342 schar,
1300 4281 1602 4333 cuonradus
1626 4283 1711 4346 75,
1733 4282 1799 4337 73
1834 4288 2027 4338 zweier
2060 4288 2233 4340 hande
2266 4288 2411 4352 liuto,
2444 4287 2530 4338 die
2565 4290 2720 4339 einen
2757 4326 2769 4337 .
2808 4322 2823 4335 .
2859 4285 2943 4336 die
2977 4284 3200 4345 andern,
3237 4290 3413 4334 auctor
3450 4282 3767 4334 Passionalis
3793 4279 3874 4343 18,
3898 4278 3965 4333 34
4003 4281 4116 4330 zwa

526 4354 676 4409 schar
711 4376 780 4409 an
825 4360 986 4424 luten,
1026 4361 1298 4430 Philippus
1328 4364 1460 4419 1952
1495 4371 1685 4420 zweier
1720 4367 1892 4423 slahte
1928 4374 2073 4440 liuto,
2109 4374 2195 4426 die
2230 4376 2382 4426 einen
2406 4412 2423 4429 .
2458 4412 2472 4427 .
2511 4375 2596 4427 die
2631 4375 2847 4427 andern.
2891 4372 2948 4423 in
2972 4379 3160 4438 proteo.
3198 4369 3375 4421 Jaeobi
3396 4387 3438 4420 c.
3458 4369 3524 4422 17
3538 4387 3597 4435 Ρ.
3620 4386 3687 4419 m.
3722 4375 3795 4419 est
3828 4362 3924 4419 δύο
3958 4364 4119 4427 λαοὺς

518 4443 712 4509 βλέπω.
868 4444 989 4510 162)
1025 4444 1295 4515 splendida
1327 4453 1383 4504 in
1414 4462 1586 4507 nostro
1616 4456 1749 4507 hune
1782 4457 1839 4507 in
1871 4458 2071 4509 modum
2105 4460 2319 4510 divisum
2352 4456 2429 4526 spl
2447 4487 2513 4496 —
2545 4458 2554 4527 Ι
2588 4484 2653 4494 -
2671 4461 2879 4512 endida.
2917 4456 3183 4510 rarissima
3216 4456 3337 4507 talis
3370 4455 3648 4522 discerptio.
3828 4449 3947 4517 163)
3981 4456 4116 4507 uidit

520 4529 577 4579 in
610 4546 803 4581 rasura
836 4548 995 4584 manu
1029 4550 1121 4585 sec.
1148 4532 1214 4587 15
1248 4538 1501 4603 scriptum,
1537 4543 1711 4594 eadem
1744 4560 1876 4609 quae
1897 4546 2001 4611 sol.
2020 4547 2098 4599 Ar.
2134 4546 2331 4612 scripsit
2366 4548 2450 4598 dei
2484 4556 2529 4598 et
2562 4545 2959 4599 uerecundiam:
2993 4545 3060 4611 ef.
3084 4543 3255 4594 adnot.
3278 4541 3364 4594 30.
3381 4539 3467 4594 31.
3658 4537 3782 4601 164)
3813 4536 4112 4596 secundm.

520 4617 575 4666 in
610 4633 820 4678 rasura,
855 4619 945 4670 sed
979 4638 1013 4670 a
1048 4620 1260 4673 librario
1293 4623 1403 4689 ipso
1436 4627 1689 4694 seriptum.
1729 4630 1854 4697 quid
1887 4647 2091 4682 erasum
2124 4632 2202 4693 sit,
2234 4632 2433 4683 nullam
2467 4633 2623 4685 habeo
2658 4631 2998 4699 suspicionem.
3048 4646 3215 4680 omnes
3248 4628 3434 4680 codices
3466 4644 3579 4679 eum
3609 4635 3779 4678 nostro
3801 4627 4114 4679 conseminat

728 4702 854 4770 165)
907 4706 1045 4757 Vocis
1078 4703 1271 4759 semine
1305 4709 1455 4763 litera
1482 4714 1658 4779 prima
1690 4715 1747 4766 in
1780 4733 1973 4767 rasura
2236 4714 2362 4784 166)
2407 4734 2525 4770 cum
2562 4717 2956 4785 superscriptum
2997 4733 3032 4767 a
3075 4714 3288 4766 librario
3321 4714 3455 4779 ipso,
3499 4721 3556 4763 ut
3597 4713 3811 4765 vfflaetm.
3885 4715 4113 4766 Ceterum

522 4789 642 4840 haec
676 4789 901 4842 duarum
934 4800 1254 4845 catervarum
1288 4796 1411 4847 visio
1445 4799 1651 4852 Mariae
1685 4802 1853 4853 oblata
1889 4819 1914 4853 e
1939 4804 2319 4872 protevanqelio
2353 4804 2530 4856 Jacobs·
2549 4822 2664 4871 cap.
2688 4806 2749 4857 17
2784 4810 2985 4869 sumpta
3019 4800 3203 4866 (Tlrtlo
3221 4796 3419 4867 p.238,
3466 4799 3689 4867 Ίῗδθῖὶᾶίο
3712 4818 3764 4866 Ρ·
3784 4798 3845 4854 31
3873 4799 3989 4867 ΒΦ),
4024 4799 4114 4850 ῑίόί

522 4892 637 4926 vero
670 4893 831 4928 sermo
866 4886 937 4929 est
970 4895 1132 4946 neque
1166 4880 1229 4931 de
1263 4880 1479 4949 Josepko
1515 4885 1743 4939 Mariam
1776 4889 2091 4954 vituperante
2122 4907 2284 4958 neque
2318 4891 2381 4943 de
2415 4892 2595 4959 mayelo
2628 4897 2895 4942 excusante
2926 4904 3132 4955 remque
3161 4885 3457 4954 explicante.
3491 4885 3677 4937 librum
3696 4894 3924 4938 nostrum
3947 4886 4109 4953 sequi-

524 4969 608 5010 tur
642 4963 954 5016 Hrodsvitlta
989 4967 1092 5030 (ed.
1126 4968 1290 5033 princ.
1316 4970 1425 5022 elr.
1449 4970 1603 5035 init),
1654 4974 1958 5025 Wernkerus
1984 4972 2186 5037 19336
2206 4973 2485 5041 —195,8,
2536 4976 2838 5029 &conradus
2863 4970 3196 5038 msto—76,
3216 4978 3264 5028 4.
3309 4974 3520 5026 eandem
3551 4990 3660 5025 rem
3693 4972 3891 5024 brevius
3923 4980 4110 5024 narrat

526 5055 696 5098 auctor
716 5050 1033 5104 Passionalis
1060 5051 1141 5115 18,
1166 5051 1372 5107 32-50
1405 5064 1451 5106 et
1474 5057 1690 5124 quodam
1713 5060 1856 5111 modo
1877 5069 2121 5112 mutatam
2142 5061 2414 5128 Philippus
2432 5059 2792 5118 1948-1965.
2827 5079 2934 5113 rem
2955 5079 3059 5113 non
3081 5061 3226 5113 habet
3257 5061 3542 5114 Waltkms
3561 5059 3711 5111 Rein.
3732 5061 3800 5124 cf.
3818 5058 3903 5124 58,
3920 5059 3988 5113 2⁴
4005 5071 4107 5125 399,

732 5131 851 5201 167)
887 5140 1140 5206 Angelum
1170 5142 1335 5207 ipsum
1375 5143 1580 5194 Mariae
1604 5147 1923 5213 praecepisse
1955 5155 2013 5198 ut
2046 5148 2337 5214 speluncam
2371 5149 2606 5212 intraret,
2644 5167 2670 5201 e
2695 5149 2858 5217 poetis
2891 5157 3076 5199 narrat
3115 5148 3400 5200 Waltherus
3437 5139 3786 5200 R'einaviemis
3809 5143 3894 5209 58,
3918 5145 3986 5198 25
4003 5159 4107 5209 sqq.

521 5227 567 5269 et
608 5219 874 5287 Philippus
912 5226 1248 5278 cartusianus
1266 5226 1400 5283 1972
1417 5241 1518 5291 sqq.

3587 5332 3700 5398 4³1²
