5242 6280
2838 731 2950 799 221

785 969 939 1037 [cap.
961 966 1066 1036 η]
1302 942 1559 1021 Factum
1620 951 1710 1018 est
1762 959 1973 1018 autem
2008 954 2111 1029 ¹⁴⁶)
2155 960 2228 1018 ιιι
2284 953 2387 1018 hic
2436 972 2649 1021 rumor
2692 958 2894 1022 exiret
2934 955 3101 1038 quod
3144 954 3344 1020 maria
3387 952 3537 1019 esset
3578 950 3879 1036 grauida!
3922 960 3987 1018 et
4028 956 4444 1038 conprehensa
4485 975 4524 1022 a
4566 957 4682 1022 mi-

1099 1073 1308 1138 nistris
1338 1073 1556 1154 templi
1601 1077 1666 1137 et
1706 1072 1924 1153 ioseph
1968 1072 2252 1154 perducti
2298 1080 2446 1139 sunt
2489 1075 2569 1140 ad
2612 1074 2989 1158 pontificem.
3076 1073 3196 1153 Qui
3239 1070 3367 1139 una
3408 1091 3548 1139 cum
3592 1071 4016 1138 sacerdotibus
4057 1077 4223 1156 cepit
4274 1095 4417 1142 eum
4462 1095 4681 1159 expro-

1097 1192 1285 1259 brare
1329 1192 1550 1259 dicens.
1638 1191 1728 1257 Ut
1769 1193 1920 1275 quid
1964 1190 2289 1258 fraudator
2334 1193 2612 1260 exstitisti
2656 1200 2832 1277 tante
2876 1201 2943 1262 et
2982 1195 3097 1260 tali
3140 1195 3389 1277 uirgini.
3435 1212 3621 1278 quam
3669 1193 3929 1274 angelus
3974 1192 4205 1258 domini
4247 1194 4405 1261 sicut
4447 1196 4679 1262 colum-

948 1309 1060 1365 182.
1092 1315 1238 1380 bam
1267 1313 1374 1392 ¹⁴⁷)
1429 1314 1494 1377 in
1550 1312 1782 1395 templo
1834 1312 2235 1398 nutrielbat!
2286 1333 2410 1397 que
2462 1334 2782 1398 nunquam
2813 1316 2921 1394 ¹⁸⁸)
2979 1315 3187 1380 uirum
3242 1333 3360 1382 nec
3412 1316 3636 1381 uidere
3695 1312 3917 1380 uoluit.
3989 1330 4114 1393 que
4157 1313 4221 1377 in
4263 1314 4399 1397 lege
4444 1316 4679 1381 domini

1094 1435 1510 1500 eruditionem
1553 1434 1851 1515 optimam
1895 1432 2157 1498 habuit?
2241 1434 2334 1498 Tu
2378 1439 2590 1500 autem
2642 1436 2762 1502 nisi
2804 1436 2898 1501 illi
2942 1435 3303 1501 uiolentiam
3347 1434 3584 1500 fecisses
3613 1432 3725 1499 illa
3765 1433 3951 1499 hodie
3996 1433 4174 1515 uirgo
4219 1434 4680 1514 perseueraret!

1093 1555 1243 1638 quia
1286 1553 1648 1620 deuouebat
1692 1552 1751 1618 se
1795 1552 2017 1618 iurans.
2073 1554 2240 1635 quod
2285 1573 2621 1638 numquam
2670 1575 2810 1623 eam
2853 1554 3108 1638 penitus
3137 1554 3237 1619 uir
3278 1554 3586 1636 tetigisset.
3673 1553 3791 1620 Cui
3846 1553 4136 1621 abiathar
4191 1552 4470 1634 pontifex
4508 1555 4681 1620 dixit.

1093 1675 1272 1741 Viuit
1313 1673 1602 1739 dominus
1633 1672 1802 1755 quod
1844 1673 2027 1739 modo
2070 1680 2135 1739 te
2177 1673 2401 1741 faciam
2430 1682 2654 1758 potare
2696 1694 2927 1760 aquam
2955 1672 3299 1758 potationis
3330 1674 3565 1740 domini
3607 1678 3674 1739 et
3715 1693 3859 1739 mox
3902 1674 4192 1756 aparebit
4235 1678 4560 1754 peccatum
4579 1675 4683 1751 ¹⁴⁹)

1092 1801 1293 1862 tuum.
1379 1794 1553 1860 Tunc
1603 1797 1981 1875 congregata
2037 1793 2127 1858 eit
2176 1795 2380 1861 omnis
2420 1797 2760 1863 multitudo
2815 1815 2938 1879 que
2994 1794 3379 1862 dinumerari
3433 1812 3557 1860 non
3609 1799 3878 1876 poterat.
3935 1798 4000 1860 et
4049 1792 4325 1861 adducta
4368 1791 4458 1857 est
4499 1792 4686 1858 etiam

1098 1916 1303 1981 maria
1346 1915 1430 1981 ad
1471 1914 1777 1995 templum
1821 1913 2073 1979 domini.
2121 1920 2188 1980 et
2230 1914 2456 1982 flentes
2488 1915 2840 1985 sacerdotes
2871 1920 2937 1982 et
2978 1914 3275 1997 parentes
3293 1914 3398 1994 ¹⁵⁰)
3441 1919 3508 1980 et
3550 1912 3773 1979 affines
3805 1913 3942 1981 eius
3974 1914 4269 1980 dicebant
4297 1913 4379 1978 ad
4409 1914 4688 1978 mariam.

940 2046 1062 2105 lev.
1096 2033 1410 2101 Confitere
1454 2033 1875 2100 sacerdotibus
1905 2040 2230 2115 peccatum
2269 2043 2281 2115 Ι
2318 2037 2537 2102 tuum!
2579 2057 2703 2120 que
2747 2037 2893 2103 eras
2920 2035 3085 2105 sicut
3128 2035 3414 2102 columba
3455 2034 3521 2098 in
3565 2036 3799 2117 templo
3842 2035 3960 2102 dei.
4007 2039 4073 2101 et
4102 2032 4457 2116 accipiebas
4487 2032 4690 2099 cibum

1097 2158 1176 2223 de
1229 2174 1422 2221 manu
1475 2155 1700 2236 angeli.
1786 2152 2062 2221 Uocatvs
2121 2155 2212 2220 est
2263 2163 2472 2222 autem
2527 2163 2592 2223 et
2641 2159 2863 2240 ioseph
2907 2157 2989 2224 ad
3031 2155 3274 2222 altare!
3315 2159 3381 2222 et
3423 2154 3574 2220 data
3616 2153 3705 2219 eit
3748 2154 3804 2219 ei
3847 2154 4189 2236 potationis
4222 2172 4404 2237 aqua.
4493 2128 4692 2230 Quam

1094 2277 1203 2358 qui
1247 2274 1540 2359 gustasset
1581 2273 1897 2341 menciens
1929 2278 1995 2340 et
2032 2275 2263 2357 septies
2294 2277 2601 2343 circuisset
2640 2276 2882 2344 altare!
2925 2276 3121 2342 dabat
3162 2277 3320 2343 deus
3363 2274 3611 2356 signum
3655 2273 3908 2356 aliquod
3961 2275 4025 2339 in
4069 2273 4228 2341 facie
4271 2273 4413 2340 eius.
4504 2271 4692 2338 Cum·

1097 2416 1219 2481 que
1281 2396 1527 2462 bibisset
1579 2394 1828 2462 securus
1869 2395 2091 2477 ioseph
2145 2401 2211 2462 et
2253 2397 2515 2479 girasset
2542 2398 2697 2475 ¹⁸⁸)!
2749 2398 2992 2463 nullum
3044 2395 3295 2478 signum
3340 2395 3578 2477 peccati
3623 2394 3877 2476 aparuit
3915 2395 3981 2459 in
4026 2412 4122 2460 eo.
4212 2393 4387 2460 Tunc
4427 2391 4691 2459 sanctifi-

1097 2525 1403 2584 cauerunt
1460 2535 1604 2582 eum
1670 2515 1888 2582 omnes
1940 2515 2291 2582 sacerdotes
2347 2522 2413 2581 et
2479 2517 2742 2583 ministri
2797 2524 2863 2584 et
2915 2517 3133 2599 populi
3187 2514 3473 2582 dicentes.
3559 2514 3800 2581 Beatus
3839 2513 3909 2580 es
3938 2514 4047 2578 tu!
4099 2514 4392 2596 quoniam
4435 2532 4557 2578 non
4603 2512 4693 2579 est

1098 2639 1390 2704 inuentvs
1433 2636 1651 2702 reatus
1681 2637 1746 2701 in
1790 2641 1869 2701 te.
1956 2635 2043 2701 Et
2094 2636 2395 2702 uocantes
2449 2636 2753 2701 mariam!
2808 2636 3102 2702 dixerunt
3155 2637 3234 2703 ei.
3323 2635 3524 2715 Quam
3584 2634 4033 2702 excusationem
4093 2638 4163 2698 tu
4207 2632 4400 2700 affere
4441 2633 4686 2715 poteris.

951 2765 1064 2821 191.
1098 2765 1164 2824 et
1205 2757 1373 2840 quod
1417 2756 1659 2841 signum
1702 2756 1991 2838 aparebit
2033 2758 2096 2821 in
2142 2754 2249 2821 te!
2291 2757 2440 2839 quia
2487 2756 2697 2838 prodit
2739 2762 2804 2823 te
2858 2756 3197 2839 conceptus
3237 2757 3402 2823 uteri
3426 2756 3436 2844 Ι
3464 2757 3606 2822 tui?
3680 2755 3817 2821 Hoc
3857 2753 4049 2820 solum
4092 2772 4132 2819 a
4173 2759 4241 2819 te
4282 2752 4690 2835 requirimus!

1098 2885 1170 2944 ut
1234 2879 1385 2959 quia
1447 2876 1666 2959 ioseph
1717 2876 1991 2942 mundus
2034 2876 2138 2942 eit.
2195 2874 2492 2943 confitere
2548 2878 2690 2960 quis
2744 2877 2834 2944 est
2876 2879 2984 2959 qui
3028 2876 3344 2959 deceperit
3385 2885 3468 2943 te.
3559 2875 3790 2942 Melius
3821 2876 3987 2940 enim
4043 2873 4132 2940 est
4171 2879 4245 2940 ut
4285 2879 4351 2940 te
4394 2880 4507 2938 tua
4546 2891 4692 2939 con-

1097 2995 1280 3062 fessio
1324 2995 1594 3078 prodat!
1636 3014 1824 3078 quam
1868 2996 1966 3060 ira
2010 2996 2112 3060 dei
2157 2996 2314 3062 dans
2359 2998 2603 3080 signum
2651 3005 2712 3063 et
2756 2997 2819 3062 in
2863 2997 3071 3063 medio
3115 2998 3332 3079 templi
3384 2995 3752 3062 manifestet.
3840 2994 4015 3060 Tunc
4079 2995 4280 3060 maria
4344 2993 4693 3059 constanter

1097 3116 1416 3199 intrepida
1460 3116 1635 3183 dixit.
1703 3113 1770 3182 Si
1814 3115 1904 3182 est
1944 3115 2159 3200 aliqua
2204 3120 2267 3182 in
2312 3136 2413 3184 me
2455 3118 2719 3201 pollutio
2737 3130 2760 3173 s
2801 3123 2913 3184 aut
2953 3123 3278 3201 peccatum
3304 3122 3331 3169 l
3371 3121 3483 3184 aut
3528 3115 3649 3184 fuit
3691 3118 3902 3200 aliqua
3945 3114 4474 3198 concupiscentia!
4516 3114 4687 3182 dete—

1097 3243 1209 3322 gat
1251 3236 1540 3303 dominus
1571 3237 1637 3302 in
1681 3236 2011 3320 conspectu
2054 3239 2329 3304 omnium
2384 3241 2772 3321 populorum.
2831 3245 2904 3305 ut
2955 3239 3179 3320 poffim
3234 3238 3578 3304 emundari.
3635 3241 3702 3302 et
3750 3236 3868 3302 sim
3924 3236 4214 3312 omnibus
4255 3236 4705 3302 emendationis

1101 3358 1476 3440 exemplum.
1563 3357 1651 3422 Et
1702 3357 1961 3424 accessit
2017 3359 2098 3424 ad
2155 3360 2356 3425 altare
2411 3359 2646 3425 domini
2703 3364 2770 3425 et
2823 3360 3065 3442 accepit
3116 3377 3346 3441 aquam
3397 3356 3738 3443 potationis
3782 3361 3847 3422 et
3897 3356 4287 3437 gustauit¹⁸²)
4339 3362 4404 3422 et
4460 3357 4691 3439 girauit

1099 3479 1357 3562 septies!
1414 3482 1480 3544 et
1530 3495 1654 3542 non
1711 3476 1801 3542 est
1858 3478 2184 3543 inuentum
2235 3496 2353 3544 nec
2404 3480 2652 3562 signum
2698 3498 2902 3563 neque
2945 3478 3275 3562 uestigium
3319 3479 3585 3544 alicuius
3617 3478 3857 3561 peccati
3901 3478 3967 3542 in
4010 3494 4104 3542 ea.
4191 3475 4278 3542 Et
4318 3496 4457 3543 cum
4501 3477 4704 3542 omnis

949 3607 1065 3662 mv.
1100 3599 1370 3682 populus
1428 3596 1705 3681 stuperet
1756 3597 2049 3663 uidentes
2081 3605 2443 3681 conceptum
2500 3600 2773 3666 uentris!
2830 3605 3130 3682 ceperunt
3165 3597 3178 3683 Ι
3213 3598 3393 3665 uaria
3435 3599 3602 3664 inter
3644 3598 3704 3663 se
3746 3597 4132 3679 loquacitate
4175 3596 4435 3662 turbari.
4525 3598 4703 3663 Alius

1100 3719 1355 3787 dicebat
1398 3718 1767 3784 sanctitate!
1810 3717 1974 3784 alius
2006 3738 2157 3784 uero
2198 3721 2363 3784 mala
2408 3720 2780 3786 conscientia
2823 3719 3282 3795 accusabac¹³⁸)
3370 3718 3546 3784 Tunc
3574 3717 3776 3784 maria
3804 3718 4026 3783 uidens
4057 3715 4452 3799 suspicionem
4481 3718 4694 3800 populi

1097 3841 1264 3924 quod
1309 3859 1433 3905 non
1478 3859 1554 3905 ex
1596 3841 1840 3920 integro
1898 3837 2107 3904 fuisset
2147 3839 2455 3921 purgata!
2505 3840 2795 3907 omnibus
2834 3813 3238 3905 audientibus
3284 3841 3453 3905 clara
3504 3857 3660 3905 uoce
3704 3837 3878 3903 dixit.
3968 3835 4147 3902 Uiuit
4191 3836 4478 3903 dominus
4507 3857 4686 3904 exer-

1097 3965 1333 4028 cituum
1368 3966 1514 4027 ante
1558 3958 1737 4025 cuius
1757 3958 2145 4040 conspectum
2177 3960 2283 4025 sto,
2332 3962 2629 4042 quoniam
2659 3962 2860 4026 uirvm
2904 3979 3246 4043 numquam
3276 3962 3537 4042 cognoui
3583 3976 3784 4041 neque
3815 3956 4177 4039 cognoscere
4205 3956 4284 4023 ab
4314 3949 4691 4036 ineunte¹⁸⁴J

1097 4089 1267 4163 etate
1312 4099 1453 4146 mea
1498 4087 1684 4145 antea
1731 4077 2002 4145 definiui.
2052 4087 2117 4145 et
2160 4079 2276 4146 hoc
2317 4089 2534 4146 uotum
2579 4081 2697 4146 deo
2729 4099 2868 4146 meo
2912 4079 3049 4147 feci.
3094 4081 3173 4147 ab
3218 4080 3487 4147 infancia
3528 4098 3686 4146 mea.
3732 4085 3802 4144 ut
3845 4078 3907 4142 in
3938 4076 4134 4160 ipsius
4167 4079 4274 4161 qui
4318 4097 4418 4143 me
4448 4081 4687 4144 creauit

1305 4333 1427 4402 uss)
1465 4347 1639 4390 autem
1678 4339 2097 4406 mperscriptum,
2135 4358 2169 4390 a
2210 4348 2482 4391 correctore
2517 4348 2574 4392 ut
2604 4341 2820 4394 videtur.
3028 4339 3150 4399 147)
3184 4339 3328 4394 sicut
3360 4341 3651 4393 columbam
3683 4339 3885 4406 respicit
3927 4337 4081 4389 verba
4119 4346 4307 4403 protem
4342 4338 4454 4390 Iac.
4489 4355 4531 4389 c.
4551 4336 4586 4392 8
4617 4339 4689 4390 in.

1097 4442 1258 4492 cupra
1299 4425 1357 4474 in
1393 4425 1565 4479 adnot.
1599 4423 1670 4479 89
1704 4426 1933 4477 laudata.
2198 4423 2321 4483 148)
2354 4443 2618 4492 nunquam
2653 4427 2740 4479 εἰσ.
2772 4427 2886 4479 vide
2919 4426 3089 4482 adnot.
3109 4425 3194 4480 18.
3457 4424 3573 4490 149)
3611 4434 3884 4492 peccatum
3918 4425 3976 4475 in
4008 4424 4236 4492 πων-σία
4280 4442 4315 4475 α
4348 4425 4562 4476 librario
4594 4425 4684 4476 ad·

1102 4512 1362 4577 scriptum.
1604 4510 1734 4570 150)
1776 4513 1896 4564 Post
1930 4509 2174 4579 parentes
2202 4513 2442 4579 aer-iprum
2477 4520 2547 4563 eat
2581 4511 2699 4566 cius
2725 4513 2816 4564 aed
2845 4513 3061 4565 delatum
3084 4513 3291 4581 punctis
3324 4511 3679 4578 subterpositis.
3921 4508 4048 4577 151)
4091 4506 4304 4578 girass'et
4335 4510 4372 4561 ι’.
4407 4526 4445 4562 e.
4481 4510 4689 4562 drean-

1094 4599 1279 4652 ivisset.
1314 4596 1519 4647 verbum
1554 4598 1728 4663 gii-are
1742 4638 1755 4655 ,
1804 4615 1995 4666 gyrare
2029 4599 2090 4663 (a
2123 4600 2429 4650 eubetantivo
2463 4615 2650 4665 gyrus,
2700 4596 2866 4669 γῦρος
2896 4599 3203 4665 dev-imma)
3244 4600 3490 4667 aiqmfleat
3531 4614 3719 4665 ,φφ-απ
3762 4597 3945 4650 ducem
3986 4597 4366 4659 circumeundo,
4417 4597 4695 4657 mare,

1092 4683 1363 4735 cimam-i.
1418 4682 1625 4734 verbum
1655 4683 1976 4736 danicorum
2008 4693 2271 4737 auctorum
2314 4686 2592 4736 latinorum
2636 4700 2737 4736 um
2777 4694 3045 4748 revnotum,
3096 4687 3154 4737 in
3195 4687 3402 4753 vulqata
3446 4683 3711 4735 bibliorum
3754 4684 3983 4737 versione
4017 4685 4321 4747 αᾶΙιίὸίἑιιπι,
4367 4684 4698 4753 inferior-ihm

1093 4771 1271 4822 cecidi-3
1304 4769 1687 4821 usitatissimum
1888 4769 2014 4824 152)
2055 4779 2109 4823 et
2143 4769 2373 4840 gustauit
2406 4790 2440 4823 a
2475 4771 2689 4822 librario
2719 4770 2777 4822 in
2810 4772 3039 4839 momine
3074 4773 3397 4838 adscriptum.
3572 4768 3694 4834 153)
3729 4770 3764 4821 i.
3800 4786 3842 4824 c.
3879 4771 4015 4822 alim
4047 4769 4257 4831 dicebat,
4293 4772 4550 4822 munitate
4585 4770 4696 4836 eju

1095 4858 1184 4908 hoc
1217 4873 1320 4907 cue
1341 4859 1563 4924 sactum,
1599 4856 1735 4907 aliua
1768 4873 1885 4907 vcro
1918 4857 2059 4907 mala
2093 4857 2177 4909 eui
2206 4857 2367 4923 ἱρεῖαι
2399 4856 2699 4908 conoeiemia
2724 4866 2990 4924 permotus
3023 4857 3102 4923 (ae
3135 4858 3303 4926 ipsum
3335 4857 3486 4909 rebus
3518 4855 3743 4908 venereis
3764 4855 3988 4907 deditum
4020 4856 4237 4909 seruiens
4256 4858 4466 4924 ideoque
4499 4866 4547 4908 α
4569 4858 4698 4909 οιίω

1092 4952 1341 5009 suspectos
1375 4941 1590 5005 habena)
1637 4959 1748 4993 cam
1782 4944 2061 4997 accusabat.
2114 4943 2292 4995 modus
2325 4941 2566 5008 loquendi
2597 4943 2734 4995 aliua
2769 4944 2985 4997 dicebat
3016 4940 3290 4998 sanctitate
3322 4952 3395 4995 cut
3426 4943 3577 4996 valde
3609 4942 3790 4994 durus.
3831 4941 4052 5011 facilius
4091 4950 4163 4994 eut
4202 4943 4274 4994 ad
4314 4943 4694 5011 &elligendum

1093 5030 1231 5096 quod
1264 5029 1398 5081 alter
1435 5029 1608 5082 Parit.
1644 5028 1791 5080 habet
1824 5045 1971 5096 quem
2005 5030 2234 5097 sequitur
2280 5028 2426 5080 Thilo
2460 5029 2551 5079 alii
2585 5029 2829 5082 dicebant
2860 5026 3185 5083 sanctitatem
3221 5030 3257 5082 i.
3293 5046 3336 5083 e.
3373 5029 3536 5097 einiqe
3570 5028 3817 5095 opu-acken
3850 5045 3949 5081 von
3979 5027 4266 5096 Ηοίῖίςῖεείτ,
4309 5029 4400 5080 alii
4436 5046 4563 5081 vcro
4598 5045 4693 5097 per

1095 5116 1286 5166 malam
1322 5111 1695 5167 conscientiam
1729 5110 2049 5167 accusabant
2083 5132 2215 5166 eam.
2254 5131 2386 5181 quae
2432 5114 2793 5183 sikchendorff·
2825 5116 2973 5169 habet
3010 5115 3230 5183 optimus
3263 5116 3356 5168 alii
3379 5116 3629 5168 dicebant
3662 5111 3891 5167 sanctam
3926 5121 3981 5166 et
4014 5116 4414 5178 immaculatam,
4449 5117 4541 5167 alii
4563 5131 4691 5167 vcro

1096 5202 1285 5252 malam
1323 5208 1376 5251 et
1410 5204 1811 5252 contaminatam
1846 5201 2193 5266 interpretatio
2226 5210 2297 5252 est
2343 5218 2369 5252 e
2402 5201 2568 5253 studio
2598 5201 2915 5269 difficultatis
2957 5203 3224 5255 verborum
3265 5201 3515 5254 conandae
3547 5205 3804 5270 pmsoete,
3857 5200 3946 5252 ced
3988 5217 4044 5252 eo
4087 5200 4195 5267 ipco
4235 5219 4408 5253 voram
4441 5202 4693 5254 lectionem

1099 5303 1350 5337 eam-non
1385 5303 1489 5337 cccc
1524 5303 1759 5352 ‹zv-quem.
1974 5285 2097 5350 154)
2131 5296 2403 5338 cmv-ectum
2437 5304 2502 5338 εκ
2534 5289 2754 5341 ineunti.

5153 6129 5172 6244 -——-
5167 6057 5172 6070 -
5148 5671 5185 6012 h—„-—c
