5242 6280
9 5387 17 5536 ‘··-·-⁴
10 5237 25 5366 -v-a

10 5545 17 5762 i-——j

2295 729 2348 798 8

530 939 817 991 membran.
852 954 959 991 sec.
987 936 1053 992 15
1098 940 1262 991 variis
1307 936 1422 1005 ejus
1465 938 1780 991 lectionibus
1823 936 2071 1005 adjectis,
2117 937 2185 989 de
2226 954 2329 1005 quo
2370 939 2512 992 infra
2562 940 2660 991 sub
2698 937 2803 992 vn
2848 954 3019 992 sermo
3062 940 3180 994 erit.
3238 939 3501 1008 praefixus
3549 945 3630 995 est
3662 941 3799 995 libro
3833 947 4108 1015 prologus,

528 1041 632 1092 quo
666 1024 885 1077 Iacobus
913 1024 1056 1091 filius
1089 1024 1277 1091 Ioseph
1310 1029 1579 1075 auctorem
1612 1038 1672 1075 se
1707 1023 1927 1089 profert:
1964 1023 2104 1089 quod
2136 1040 2329 1076 nomen
2361 1026 2591 1078 auctoris
2625 1026 2998 1077 vetustioribus
3025 1025 3140 1092 jam
3171 1029 3485 1079 testimoniis
3523 1028 3819 1082 exhibetur.
3877 1031 4110 1085 Vincen-

526 1114 630 1163 tius
665 1114 804 1164 enim
838 1112 1251 1171 Bellovacensis‚
1287 1116 1443 1162 notus
1476 1109 1574 1161 ille
1606 1124 1715 1163 sec.
1735 1105 1809 1161 13·
1837 1109 2172 1174 compilator,
2204 1110 2397 1162 bonam
2433 1110 2592 1177 hujus
2627 1110 2748 1163 libri
2770 1114 2976 1176 partem
2999 1115 3125 1178 (cap
3162 1106 3280 1164 6.8.
3302 1110 3384 1165 13.
3404 1112 3488 1167 14.
3509 1112 3739 1174 17-24)
3773 1118 3989 1183 speculo
4012 1134 4110 1171 suo

525 1198 784 1250 historiali
816 1199 1053 1249 inserens
1086 1196 1294 1255 (videas
1327 1197 1451 1248 libri
1473 1192 1510 1249 6
1543 1209 1663 1260 cap.
1681 1190 1766 1249 66.
1786 1190 1868 1248 72.
1892 1192 1977 1249 87.
1996 1192 2081 1249 89.
2105 1192 2190 1250 94.
2208 1193 2300 1260 95)
2334 1202 2604 1248 auctorem
2638 1195 2821 1249 laudat
2840 1195 3084 1248 Jacobwm
3102 1198 3276 1263 filium
3308 1197 3496 1264 Jooeph
3528 1198 3586 1251 in
3619 1201 3750 1273 tibi-o
3782 1202 3846 1254 de
3878 1202 4110 1268 {iufamia

524 1283 807 1335 salvatoris.
861 1288 915 1335 et
938 1281 1051 1348 jam
1083 1283 1251 1334 tribus
1290 1283 1400 1333 fere
1422 1280 1614 1332 seculis
1648 1287 1771 1332 ante
1787 1281 2113 1333 Hrodsvitha
2133 1281 2372 1334 monialis
2391 1280 2928 1346 Gaudersheimensis,
2962 1298 3099 1350 quae
3122 1282 3394 1335 historiam
3415 1285 3602 1336 beatae
3624 1289 3844 1354 virginis
3881 1290 4109 1342 eundem

529 1374 715 1420 secuta
747 1369 936 1421 librum
973 1369 1212 1419 versibus
1247 1367 1564 1419 hexametris
1597 1366 1821 1419 leoninis
1857 1367 2150 1434 descripsit,
2180 1368 2444 1433 reperisse
2487 1384 2547 1421 se
2592 1385 2710 1422 eam
2743 1370 2875 1421 dicit
2918 1369 3012 1420 sub
3042 1368 3243 1422 nominc
3277 1370 3439 1421 sancti
3469 1368 3648 1422 Jacobs·
3666 1373 3863 1440 fratris
3896 1375 4105 1427 domini.

530 1455 623 1506 sed
660 1454 895 1521 ejusdem
931 1451 999 1504 de
1030 1453 1256 1504 infantia
1287 1452 1411 1503 libri
1443 1451 1606 1504 alium
1642 1455 1799 1504 etiam
1834 1468 1931 1506 nos
1966 1453 2200 1505 codicem
2232 1455 2557 1518 invenimus,
2588 1456 2721 1507 viris
2756 1454 2926 1507 doctis
2961 1455 3151 1522 quibus
3186 1455 3609 1521 apocryphorum
3644 1459 3870 1512 studium
3903 1462 4105 1527 placuit

530 1541 804 1607 hucusque
837 1540 1178 1606 incognitum,
1212 1542 1473 1589 vetustate
1508 1538 1739 1604 reliquos
1772 1539 1936 1591 valde
1969 1543 2319 1607 superantem,
2354 1555 2509 1606 quem
2541 1555 2642 1594 nos
2675 1541 2815 1593 haud
2850 1542 3127 1608 indignum
3155 1542 3398 1594 duximus
3435 1544 3524 1608 qui
3545 1545 3686 1609 typis
3708 1548 4104 1600 accuratissime

527 1626 903 1678 exscribendus
951 1625 1119 1676 detur.
1170 1625 1226 1674 in
1264 1624 1366 1675 hoc
1406 1629 1585 1679 nostro
1631 1625 1768 1677 liber
1811 1626 1878 1676 de
1925 1639 2029 1691 quo
2073 1627 2278 1693 agimus
2321 1626 2625 1678 inscribitur
2669 1626 2734 1677 dc
2765 1626 2996 1694 infanda
3028 1635 3233 1680 sanctae
3268 1627 3476 1679 Mariae
3519 1635 3569 1679 ct
3609 1628 3794 1680 θὴν-ἰαί
3825 1632 4110 1686 salvatoris.

531 1714 933 1777 praemittuntur
996 1710 1133 1761 duae
1184 1708 1439 1776 epistolae
1486 1709 1774 1763 chromatii
1824 1710 2202 1777 Heliodorique
2253 1713 2617 1779 episcoporum
2672 1711 2742 1764 ad
2791 1713 3169 1779 Hieronymum
3225 1714 3383 1766 datae
3438 1718 3496 1765 et
3538 1714 3851 1782 Hieronymi
3909 1718 4104 1771 eisdem

527 1797 913 1863 respondentis.
965 1795 1170 1861 spurias
1204 1795 1303 1846 has
1336 1796 1547 1861 quidem
1582 1811 1715 1859 esse,
1749 1799 1809 1848 in
1840 1798 2056 1848 nomina
2087 1796 2400 1863 Hieronymi
2446 1803 2500 1850 et
2531 1799 2765 1849 virorum
2798 1800 3008 1852 illorum
3044 1802 3278 1852 amicitia
3317 1805 3372 1851 et
3404 1799 3674 1853 literarum
3707 1806 4019 1855 commercio
4054 1808 4106 1856 ei

533 1883 928 1948 conjunctorum
962 1880 1128 1943 fictas,
1162 1880 1389 1933 dubitari
1424 1897 1531 1933 non
1564 1887 1753 1947 potest.
1803 1889 2105 1951 repugnant
2135 1885 2289 1947 enim,
2321 1889 2382 1935 ut
2413 1884 2523 1935 alia
2557 1889 2870 1952 argumenta
2901 1889 3189 1948 taceamus,
3221 1884 3380 1951 plane
3412 1885 3481 1936 iis
3516 1900 3655 1951 quae
3687 1887 3772 1939 vir
3806 1887 3900 1939 ille
3924 1889 4102 1940 catho-

526 1970 662 2020 licus
701 1969 766 2020 de
799 1969 1052 2020 librorum
1086 1966 1343 2033 ejusmodi
1375 1967 1793 2034 apocryphorum
1826 1968 2009 2020 indole
2043 1975 2098 2021 et
2127 1984 2230 2021 usu
2256 1969 2550 2035 judicabat.
2604 1970 2702 2021 sed
2735 1971 3086 2036 quamtumvis
3120 1970 3277 2023 fictae
3310 1975 3488 2022 tamen
3521 1971 3682 2023 utiles
3717 1978 3857 2025 sunt.
3916 1975 4112 2027 docent

526 2057 665 2106 enim
699 2054 854 2105 aliam
889 2058 1124 2105 veterum
1161 2054 1483 2119 opinionem,
1536 2053 1677 2105 huuc
1721 2056 1809 2105 cui
1849 2053 2113 2119 praefixae
2157 2060 2279 2107 sunt
2320 2055 2512 2108 librum
2552 2069 2660 2106 non
2704 2070 2741 2107 a
2771 2055 2976 2107 Jacoho
3023 2055 3115 2108 sed
3158 2071 3195 2106 a
3230 2054 3491 2107 Matthaeo
3524 2056 3831 2123 evangelista
3864 2057 4111 2111 hebraicis

523 2140 683 2191 liter-ie
714 2139 1044 2206 obsiqnatwm,
1078 2139 1268 2192 deinde
1301 2141 1370 2193 ab
1388 2140 1712 2206 Hieronymo
1747 2155 1778 2191 e
1810 2139 2041 2192 hebraeo
2074 2142 2133 2192 in
2166 2139 2387 2192 latinum
2405 2154 2620 2192 versum
2643 2157 2778 2193 esse.
2832 2157 2989 2208 quam
3011 2142 3314 2208 opinionem
3336 2143 3492 2194 etiam
3511 2141 3862 2195 wernherum
3888 2153 4100 2210 poetam

523 2228 831 2278 theotiscum
869 2223 1057 2278 sec.12
1094 2231 1332 2278 secutum
1365 2241 1487 2278 ease
1519 2227 1657 2277 infra
1692 2225 2013 2279 docebimus.
2079 2226 2325 2279 Aetatem
2358 2227 2404 2278 si
2438 2228 2669 2292 quaeris,
2703 2228 2807 2280 hoc
2839 2229 3073 2294 inprimis
3097 2227 3533 2280 considerandum
3573 2243 3689 2280 esse
3724 2230 3933 2281 videtur
3966 2231 4110 2297 quod

524 2314 590 2363 de
621 2313 790 2363 Maria
822 2313 878 2362 in
912 2309 1104 2376 templo
1138 2311 1380 2363 monialis
1416 2313 1582 2364 instar
1616 2312 1843 2379 degente
1878 2316 2121 2365 narratur
2148 2328 2273 2378 -cap,
2291 2308 2327 2364 θ
2362 2315 2438 2374 (v.
2471 2311 2610 2364 infra
2632 2313 2809 2365 adnot.
2836 2310 2924 2367 89.
2948 2310 3055 2378 90),
3096 2312 3236 2379 quod
3272 2313 3340 2366 ad
3373 2315 3540 2365 vitam
3576 2316 3939 2367 monachicam
3964 2332 4104 2369 com-

520 2398 866 2449 mendandam
901 2398 1153 2462 scriptum
1188 2413 1307 2449 esse
1340 2412 1447 2451 non
1483 2398 1723 2463 negabis.
1777 2413 1903 2464 ergo
1953 2401 2000 2450 si
2045 2414 2108 2450 eo
2142 2403 2376 2465 tempore
2425 2413 2528 2465 quo
2573 2401 2685 2450 vita
2725 2398 3035 2450 monachica
3076 2399 3237 2463 latior
3281 2414 3375 2465 per
3409 2399 3735 2453 occidentem
3768 2400 3882 2453 fieri
3917 2405 4107 2467 coepit,

520 2485 701 2550 quinto
737 2487 960 2535 exeunte
995 2488 1049 2535 et
1082 2489 1230 2535 sexto
1265 2482 1376 2534 fere
1409 2484 1589 2535 seculo
1625 2482 1817 2535 librum
1851 2485 2106 2550 scriptum
2141 2500 2259 2536 esse
2292 2484 2625 2537 contenderis
2639 2522 2653 2549 ,
2687 2500 2723 2537 a
2754 2487 2978 2537 veritate
3010 2499 3118 2536 non
3152 2487 3307 2537 nimis
3342 2486 3688 2539 aberraveris.
3862 2487 4108 2540 Ceterum

518 2570 641 2622 vide
674 2584 811 2635 quae
845 2568 913 2621 de
946 2568 1049 2620 hoc
1083 2568 1336 2635 opusculo
1372 2568 1774 2635 disputaverunt
1806 2568 1962 2621 Thilo
1996 2572 2056 2622 in
2089 2570 2289 2638 proleg.
2323 2570 2393 2623 ad
2427 2570 2547 2623 cod.
2569 2585 2746 2637 apocr.
2784 2571 2817 2634 θ
2836 2571 2868 2624 7
2893 2587 2943 2636 p.
2968 2569 3348 2636 cv—cxvn,
3371 2571 3799 2624 Tischendorfius
3821 2574 3880 2624 in
3902 2574 4103 2640 proleg.

518 2673 570 2721 p.
586 2656 735 2706 XXV
752 2670 892 2721 sqq.,
942 2654 1082 2706 idem
1123 2656 1178 2705 in
1211 2654 1345 2706 libro
1389 2654 1456 2706 de
1492 2671 1684 2723 evang.
1718 2671 1897 2723 apocr.
1931 2657 2064 2723 orig.
2111 2661 2167 2709 et
2198 2672 2301 2709 usu
2335 2657 2367 2719 5
2385 2654 2453 2711 12
2484 2672 2538 2722 p.
2556 2650 2805 2720 46-48,
2857 2655 2997 2708 idem
3042 2655 3109 2708 de
3151 2659 3366 2722 syriaca
3408 2659 3654 2710 versione
3701 2659 3756 2708 in
3789 2659 3994 2725 proleg.
4031 2660 4102 2710 ad

521 2741 727 2808 apocal.
763 2755 941 2806 apocr.
978 2740 1150 2806 (Lips.
1169 2737 1334 2798 1806)
1370 2757 1421 2806 p.
1442 2741 1518 2793 LI
1551 2757 1667 2808 sqq.

672 2860 676 2864 -
723 2825 823 2878 111.
874 2825 1160 2891 Reperitur
1192 2826 1249 2876 in
1285 2825 1596 2892 Hieronymi
1629 2843 1845 2894 operum
1881 2828 2200 2883 editionibus
2236 2822 2384 2884 libel·
2416 2823 2486 2883 dd
2517 2821 2826 2882 1811111010
2856 2821 3092 2892 fluite,
3125 2826 3281 2892 cujus
3314 2828 3524 2881 initium
3557 2834 3640 2882 est
3675 2828 3848 2897 Iys‘mr
3881 2828 4029 2881 beata
4063 2838 4110 2881 et

515 2913 969 2982 gloriosascmper
1004 2910 3126 2981 Mamdeaewereqiaetsmiammdffifinissaoeummam
3169 2914 4112 2982 mmibssinwlctismatdies

519 3007 578 3049 ut
601 3007 813 3066 pareret
855 3007 903 3051 et
930 2998 1319 3064 peperitfilium
1351 3014 1501 3050 suum
1524 2998 1946 3067 primoqenitmn,
1999 3001 2128 3053 sicat
2166 3000 2329 3053 sandi
2359 2999 2695 3065 evanqelistac
2728 2999 3031 3059 domm-tum,
3080 2997 3337 3051 dominum
3368 3006 3596 3052 nostr-mn
3627 2999 3803 3052 Jeswn
3842 2999 4112 3063 Christian,

518 3085 609 3152 qui
640 3101 754 3136 cum
781 3091 933 3152 patre
974 3090 1021 3136 et
1040 3083 1158 3151 filio
1200 3091 1247 3135 ct
1278 3083 1465 3151 epia-itu
1502 3092 1675 3137 sancto
1705 3086 1824 3137 vivit
1865 3093 1912 3138 ct
1953 3095 2135 3156 req-nat
2167 3087 2294 3138 deus
2326 3100 2428 3154 per
2461 3085 2633 3136 omia
2664 3085 2835 3136 accida
2868 3084 3166 3136 cecideram.
3221 3087 3555 3137 continentur
3595 3086 3698 3138 hoc
3739 3085 3876 3137 libro
3921 3088 4108 3153 paucis

520 3174 728 3223 omissis
763 3187 828 3223 ea
860 3169 972 3221 iere
1005 3185 1143 3236 quae
1174 3171 1231 3221 in
1263 3172 1438 3236 priore
1472 3171 1540 3223 de
1574 3187 1678 3239 quo
1714 3175 1812 3226 sub
1835 3174 1893 3225 11
1924 3175 2309 3242 disputavimus
2341 3172 2477 3224 libro
2511 3186 2682 3237 usque
2716 3171 2785 3223 ad
2819 3185 2939 3238 cap.
2963 3167 3031 3223 13
3062 3171 3202 3224 med.
3235 3176 3518 3224 narrantur
3552 3174 3587 3223 i.
3623 3187 3669 3224 e.
3702 3188 3789 3224 res
3822 3187 3994 3239 usque
4028 3172 4104 3225 ad

518 3258 783 3310 Christum
816 3257 1135 3308 nascentem.
1203 3253 1496 3320 Fabricius,
1531 3259 1622 3323 qui
1656 3258 1965 3325 Hieronymi
1998 3260 2281 3312 editionem
2313 3257 2630 3310 Martiauaei
2664 3272 2789 3308 usus
2824 3261 2968 3318 erat,
3018 3260 3218 3309 textum
3249 3257 3369 3309 libri
3405 3257 3610 3325 aliquot
3640 3258 3774 3310 locis
3809 3257 4107 3311 emendavit

514 3345 551 3396 l.
576 3360 623 3396 c.
647 3340 698 3405 l,
725 3338 969 3396 19-382
1013 3341 1155 3392 hunc
1188 3346 1386 3394 textum
1420 3343 1621 3408 recepit
1652 3343 1943 3397 Vallarsius
1974 3346 2033 3397 in
2067 3361 2189 3411 opp.
2222 3345 2445 3396 Hieron.
2477 3348 2517 3396 t.
2544 3340 2628 3406 11,
2648 3338 2685 3393 2
2720 3342 2821 3393 col.
2843 3336 3142 3396 380—390
3183 3347 3237 3395 et
3268 3342 3425 3395 Thilo
3459 3344 3514 3393 in
3548 3341 3664 3395 cod.
3701 3359 3788 3411 ap.
3820 3340 4099 3399 alo—336

516 3445 615 3481 nec
648 3444 756 3481 non
789 3425 1216 3480 Tischendorflus
1249 3428 1309 3479 in
1339 3442 1421 3479 ev.
1444 3443 1530 3494 ap.
1551 3423 1843 3493 loo-114,
1876 3431 1968 3497 qui
2003 3432 2163 3483 etiam
2195 3431 2310 3497 ipse
2342 3444 2517 3497 pauca
2550 3427 2830 3480 emendare
2863 3426 3082 3480 studuit.
3135 3427 3375 3481 codicum
3408 3428 3570 3495 hujus
3602 3429 3726 3480 libri
3757 3431 3891 3481 ratio
3928 3430 4101 3483 denuo

516 3529 732 3581 prorsus
765 3529 872 3566 non
907 3513 1088 3565 habita
1120 3517 1231 3577 est,
1274 3528 1374 3566 nec
1409 3514 1693 3581 quidquam
1727 3515 1794 3567 de
1826 3520 2001 3569 aetate
2040 3531 2248 3579 eorum,
2294 3515 2435 3582 quod
2468 3514 2658 3579 sciam,
2702 3514 2993 3567 docuerunt
3035 3514 3139 3565 viri
3172 3514 3333 3570 docti.
3382 3513 3624 3582 equidem
3658 3515 3851 3567 librum
3886 3517 4098 3570 invenio

518 3603 574 3650 in
608 3599 791 3652 codice
824 3599 951 3651 bibl.
976 3598 1229 3652 Laurent.
1264 3614 1369 3652 sec.
1389 3597 1457 3652 lo
1490 3605 1730 3654 exarator
1762 3617 1815 3656 v.
1838 3602 2154 3654 Bandinium
2186 3603 2242 3654 in
2274 3602 2518 3669 catalogo
2551 3600 2711 3667 hujus
2734 3600 2863 3652 bibl.
2879 3596 2932 3663 3,
2947 3596 3068 3653 283.
3118 3602 3337 3653 ineunte
3362 3599 3474 3666 jam
3508 3600 3687 3653 seculo
3714 3598 3780 3655 11
3815 3602 4102 3657 Fulbertus

523 3683 860 3737 Carnotensis
893 3687 948 3736 in
984 3686 1152 3739 altero
1188 3686 1254 3738 de
1288 3686 1564 3738 nativitate
1597 3687 1801 3739 Mariae
1847 3703 2086 3741 sermone
2118 3689 2272 3756 plura
2316 3704 2382 3741 ex
2415 3703 2478 3740 eo
2522 3687 2594 3739 ad
2621 3687 2843 3738 verbum
2877 3686 3085 3751 repetiit
3129 3686 3203 3750 (v.
3237 3701 3416 3754 magn.
3452 3685 3582 3738 bibl.
3616 3691 3721 3738 vet.
3754 3692 3889 3753 patr.
3930 3689 4103 3741 Paris.

518 3776 557 3822 t.
581 3767 615 3822 3
648 3786 699 3836 p.
724 3767 872 3830 506).
907 3773 1085 3824 seculo
1111 3770 1179 3825 13
1201 3771 1338 3824 med.
1360 3772 1669 3824 Vincentius
1692 3772 1892 3825 Bellov.
1929 3775 1985 3824 in
2009 3790 2154 3841 spec.
2188 3774 2312 3828 hist.
2345 3773 2438 3825 lib.
2460 3767 2498 3823 6
2531 3788 2577 3826 c.
2601 3768 2673 3824 6⁴
2706 3770 2771 3823 de
2804 3778 2921 3823 ortu
2953 3770 3128 3822 beatae
3151 3771 3360 3823 Has-iae
3380 3770 3595 3838 virginis
3616 3773 3984 3838 praenwttiato
4007 3790 4110 3841 per

517 3855 755 3922 angelum
789 3861 842 3909 et
874 3874 919 3909 c-
938 3853 1007 3909 65
1040 3858 1104 3910 dc
1136 3857 1395 3910 nativitate
1429 3857 1651 3925 ejusdem
1683 3864 1951 3911 auctorem
1982 3858 2204 3911 laudans
2236 3858 2608 3924 Hieronymmn
2647 3856 2707 3908 in
2739 3856 2951 3908 historia
2981 3855 3212 3908 Joachim
3244 3863 3294 3908 et
3325 3856 3538 3920 Annae,
3589 3858 3769 3925 priora
3815 3874 3909 3910 sex
3943 3857 4104 3925 hujus

517 3940 638 3992 libri
672 3943 849 4008 capita
881 3946 1106 4011 recepit,
1160 3945 1394 3997 breviter
1429 3944 1637 4010 quidem
1682 3949 1737 3995 et
1768 3947 2089 4007 summatim,
2139 3946 2320 3997 verbis
2360 3950 2536 3996 tamen
2585 3958 2715 3995 usus
2758 3943 2948 4009 quibus
2994 3942 3062 3994 de
3097 3943 3245 3995 fonte
3279 3942 3509 3995 dubitari
3542 3946 3726 4010 utique
3767 3959 3874 3996 non
3909 3950 4098 4011 potest.

515 4027 653 4079 idem
687 4030 745 4080 in
779 4029 1015 4096 ejusdem
1047 4030 1170 4082 libri
1204 4046 1252 4082 c.
1269 4027 1338 4084 72
1370 4030 1434 4081 de
1466 4029 1695 4098 conjuyio
1726 4030 1901 4082 beatae
1937 4031 2144 4084 Mariae
2174 4030 2387 4099 virginiis
2430 4037 2477 4082 ct
2506 4027 2698 4094 Jooeph
2738 4033 2890 4094 parte
2931 4029 3111 4096 priore
3143 4028 3365 4081 laudans
3397 4029 3768 4095 Hieronymum
3808 4029 3900 4080 ubi
3941 4039 4104 4095 aspra

519 4114 700 4167 eodem
733 4114 887 4166 modo
923 4116 1098 4182 capita
1129 4113 1161 4167 7
1196 4120 1250 4169 et
1270 4113 1307 4169 8
1338 4117 1554 4190 recepit.
1623 4115 1809 4167 eodem
1843 4116 2022 4169 seculo
2058 4123 2282 4170 exeunte
2314 4117 2551 4169 Jacobus
2598 4130 2634 4166 a
2667 4113 2934 4181 voragine
2975 4115 3031 4165 in
3065 4113 3407 4180 legendarum
3446 4130 3636 4181 corpus
3670 4115 3805 4166 illud
3836 4114 4104 4180 amplissi-

523 4215 662 4264 mum
696 4201 836 4267 quod
870 4201 1092 4253 historia
1122 4201 1472 4254 Lombardica
1515 4202 1628 4254 sive
1661 4200 1887 4267 legenda
1919 4218 2086 4254 aurea
2119 4207 2418 4254 sanctorum
2452 4200 2614 4269 vulgo
2650 4202 2947 4267 appellatur
2979 4201 3168 4253 librum
3202 4200 3314 4252 fere
3345 4206 3514 4253 totum
3564 4202 3688 4252 item
3722 4200 3952 4266 Hieron)
3962 4215 4104 4252 mum

521 4270 786 4360 auctorem
821 4285 1045 4338 laudans
1078 4288 1432 4354 transcripsit:
1482 4286 1667 4339 videas
1709 4287 1783 4338 ibi
1826 4303 1924 4354 cap
1976 4284 2073 4341 131
2114 4284 2265 4349 (126)
2305 4287 2369 4339 de
2399 4287 2663 4339 nativitate
2703 4286 2749 4338 ὀ.
2788 4286 2996 4338 Mariae
3027 4286 3155 4351 vio-9.
3201 4285 3349 4346 (edit.
3385 4285 3703 4339 Griissianae
3736 4302 3788 4352 p.
3825 4282 3930 4338 587
3963 4286 4102 4338 med.

519 4369 707 4426 —589
730 4371 840 4433 fin.)
876 4380 931 4424 et
962 4388 1079 4438 cap.
1103 4370 1169 4426 51
1193 4369 1304 4435 (50,
1338 4372 1402 4424 de
1435 4371 1821 4425 annuntiatione
1852 4371 2102 4424 dom-‘nica
2135 4376 2214 4439 (p.
2234 4368 2554 4437 217-220)
2587 4373 2802 4438 passim.
2852 4373 2991 4424 idem
3023 4372 3151 4423 fecit
3182 4386 3290 4426 sec.
3310 4368 3377 4425 14
3411 4371 3599 4423 Petrus
3635 4370 3701 4423 de
3735 4370 4013 4423 Natalibus
4048 4373 4105 4423 in

517 4458 763 4525 catalogo
808 4463 1105 4511 sanctorum
1148 4458 1240 4510 lib.
1279 4456 1316 4511 8
1351 4475 1467 4523 cap.
1492 4458 1560 4513 51
1604 4460 1668 4511 dc
1699 4460 1857 4513 nativ.
1899 4475 1940 4514 s.
1979 4458 2186 4511 Mariae
2226 4457 2440 4526 virqinis
2480 4457 2638 4517 (edit.
2675 4457 2861 4511 Venet.
2898 4455 3035 4511 1500
3068 4457 3160 4509 fol.
3198 4454 3346 4521 182).
3415 4458 3823 4524 praemittuntur
3865 4456 4001 4509 libro
4046 4458 4106 4510 in

521 4543 836 4597 editionibus
869 4559 1085 4611 operum
1118 4540 1433 4611 Hieronymi
1463 4550 1570 4598 tres
1604 4545 1873 4612 epistolae,
1907 4546 2077 4611 prima
2097 4544 2385 4597 Chromatii
2404 4543 2783 4610 Heliodorique
2818 4545 3180 4610 episcoporum
3217 4543 3286 4595 ad
3310 4544 3713 4610 Hieronymum,
3746 4543 3912 4595 altera
3945 4542 4102 4609 hujus

516 4631 643 4683 data
675 4630 744 4682 ad
777 4630 896 4681 illos
930 4632 1222 4696 responsio,
1254 4632 1407 4682 tertio
1438 4631 1558 4683 loco
1592 4631 1703 4683 alia
1734 4631 1806 4683 ad
1840 4629 2054 4683 eosdem
2086 4635 2147 4682 ut
2176 4629 2383 4681 videtur
2415 4630 2707 4696 responsio.
2761 4645 2983 4695 quarum
3017 4630 3176 4681 trium
3200 4629 3541 4696 epistolarum
3565 4631 3699 4683 duas
3719 4632 3918 4697 priores
3956 4627 4103 4693 (sunt

516 4716 734 4769 eaedem
768 4715 835 4768 de
868 4716 1058 4782 quibus
1086 4715 1198 4782 jam
1232 4731 1397 4783 supra
1429 4716 1602 4768 subII
1636 4718 1865 4785 egimusg
1901 4718 2038 4784 typis
2073 4731 2348 4783 expressas
2381 4730 2473 4767 eas
2507 4715 2676 4767 habes
2707 4715 2848 4767 infra
2881 4716 3091 4770 dissert.
3126 4717 3296 4768 nostri
3332 4731 3386 4782 p.
3405 4713 3600 4782 9-11)
3632 4717 3702 4769 ad
3725 4716 3869 4768 hunc
3903 4716 3970 4768 de
3993 4731 4099 4783 quo

518 4806 721 4869 agium
755 4803 942 4855 librum
974 4817 1190 4868 prorsus
1223 4817 1331 4853 non
1363 4803 1622 4868 pertinere
1656 4809 1799 4856 recte
1843 4803 1976 4856 vidit
2008 4801 2433 4855 Tischendorfius
2467 4800 2504 4853 l.
2538 4817 2587 4853 c.
2620 4817 2675 4867 p.
2695 4800 2843 4853 XXX
2860 4815 2963 4867 sq.·
3021 4802 3252 4866 pertinet
3296 4802 3364 4853 ad
3413 4801 3554 4854 hunc
3596 4802 3711 4854 sola
3758 4803 3916 4854 tertia
3962 4816 4098 4867 quae

515 4890 698 4955 incipit
733 4889 911 4941 Petitis
943 4905 980 4939 a
1010 4904 1089 4940 mc
1119 4896 1177 4939 ια
1207 4887 1344 4940 vobis
1373 4887 1671 4953 rescribam,
1706 4891 1859 4956 qnasi
1891 4890 2100 4958 prologi
2130 4888 2305 4940 locum
2337 4892 2540 4941 tenens.
2591 4889 2649 4939 in
2691 4888 2873 4939 codice
2914 4885 3007 4938 illo
3037 4887 3288 4940 Laurent.
3332 4902 3437 4942 sec.
3456 4883 3548 4953 10,
3593 4903 3748 4953 quem
3792 4902 3953 4953 supra
3992 4902 4102 4939 me·

516 4977 853 5038 moravimus,
886 4975 1078 5027 librum
1110 4975 1431 5042 praecedunt
1464 4972 1672 5042 prologi
1705 4974 1828 5036 duo,
1862 4980 2070 5042 praeter
2100 4974 2248 5026 illum
2284 4973 2462 5026 Pctiu's
2495 4991 2530 5025 a
2560 4989 2641 5026 me
2672 4980 2732 5024 ut
2763 4990 2811 5026 υ.
2843 4989 2999 5025 roser.
3023 4977 3124 5025 etc.
3160 4972 3296 5025 alius
3318 4972 3505 5024 iisdem
3527 4973 3785 5039 episcopis
3810 4972 4096 5038 inscriptus

521 5063 609 5127 qui
640 5062 827 5130 incipit
861 5058 1038 5113 Potitia
1079 5079 1115 5113 a
1155 5077 1233 5112 mc
1266 5060 1653 5128 pera-‘nmmum
1695 5076 1845 5128 opere
1886 5060 2089 5128 quidem
2130 5061 2285 5112 leuem
2325 5059 2416 5111 ned
2447 5058 2926 5128 candelasalsitats‘s
2958 5057 3229 5112 admodmn
3258 5074 3491 5125 gravem.
3542 5074 3596 5112 v.
3629 5057 3947 5109 Bandinium
3979 5056 4015 5110 1.
4051 5072 4099 5108 ct

516 5147 741 5214 prologi·
755 5149 1072 5201 mentionem
1115 5146 1242 5200 facit
1285 5149 1442 5200 etiam
1473 5147 1710 5199 Jacobus
1757 5164 1792 5200 a
1825 5148 2094 5215 voragine
2124 5146 2307 5198 verbis
2341 5145 2425 5196 his
2458 5145 2565 5205 (ed.
2603 5146 2784 5199 Graes.
2819 5162 2872 5212 p.
2899 5141 3002 5198 587
3036 5161 3087 5196 a.
3122 5144 3284 5202 med.)
3320 5142 3583 5195 historiam
3613 5150 3781 5195 atatem
3812 5142 4096 5194 nativitatis

514 5233 724 5302 virgime
757 5233 928 5286 beatus
960 5233 1321 5301 Hieronymus,
1354 5240 1412 5284 ut
1444 5233 1500 5285 in
1525 5232 1737 5300 proloqu
1766 5234 1954 5299 refert,
1988 5231 2388 5285 adolemus
2420 5248 2477 5282 m
2513 5231 2733 5298 quodam
2765 5232 2932 5284 libello
2966 5232 3106 5299 leq-t,
3150 5230 3239 5283 sed
3269 5236 3380 5297 post
3411 5229 3625 5282 multum
3656 5229 3915 5296 temporis,
3957 5235 4014 5279 ut
4045 5246 4099 5279 se
