5242 6280
862 937 1011 1007 [Cap.
1047 937 1116 1005 6.]

1011 1296 1120 1355 lssr.

1004 2020 1123 2076 lov.

1018 2859 1127 2919 llr.

2907 713 3101 819 ¹⁶.

1382 918 1535 996 Erat
1578 930 1786 993 autem
1833 928 2033 992 maria
2077 926 2142 991 in
2187 925 2604 992 admiracione
2648 922 2940 990 omnibus.
2999 922 3132 1004 Que
3177 941 3316 989 cum
3363 924 3553 990 trium
3596 924 3747 991 effet
3775 944 4077 993 annorum
4122 929 4213 995 ita
4254 935 4499 995 maturo
4529 930 4742 1012 gressu

1154 1046 1550 1113 ambulabatl
1593 1051 1657 1113 et
1699 1044 2151 1128 perfectissime
2196 1045 2588 1127 loquebatur.
2648 1049 2713 1110 et
2768 1044 2834 1109 in
2889 1042 2991 1108 dei
3035 1042 3325 1110 laudibus
3367 1045 3693 1113 studebatl
3745 1051 3817 1111 ut
3869 1065 3993 1113 non
4037 1046 4340 1115 infantula
4392 1050 4515 1116 effe
4558 1055 4740 1132 puta-

1160 1174 1338 1233 retur
1382 1166 1484 1232 sed
1527 1167 1794 1249 magna!
1848 1173 1913 1233 et
1955 1166 2137 1249 quasi
2180 1165 2441 1247 triginta
2483 1182 2787 1230 annorum
2832 1163 2958 1227 iam
3005 1161 3153 1228 effet
3207 1163 3299 1229 ita
3342 1166 3730 1232 orationibus
3761 1165 4102 1232 insistebat.
4189 1168 4272 1233 Et
4313 1169 4746 1251 resplendebat

1154 1286 1348 1354 facies
1381 1286 1519 1353 eius
1533 1286 1611 1370 ⁷⁵)
1658 1293 1730 1352 ut
1772 1287 1879 1352 uix
1923 1285 2215 1368 potuisset
2257 1285 2397 1367 quis
2441 1284 2506 1350 in
2552 1284 2798 1348 uultum
2841 1281 2978 1348 eius
3010 1281 3369 1350 adtendere.
3435 1285 3807 1372 Insisltebat
3832 1287 3910 1368 ⁷⁶)
3955 1286 4123 1352 enim
4166 1288 4231 1352 in
4260 1287 4502 1355 lanifico
4533 1307 4743 1370 opere.

1156 1414 1221 1475 et
1265 1408 1479 1474 omnia
1523 1425 1646 1489 que
1690 1406 1987 1472 mulieres
2015 1405 2272 1486 antique
2316 1402 2522 1470 facere
2566 1422 2692 1469 non
2735 1401 3116 1485 potuerunt!
3157 1402 3271 1468 ista
3311 1403 3377 1468 in
3420 1410 3642 1472 tenera
3685 1412 3854 1473 etate
3897 1406 4110 1489 posita
4139 1408 4508 1490 explicabat.
4563 1408 4743 1474 Hanc

1155 1535 1368 1594 autem
1412 1527 1534 1593 sibi
1579 1527 1707 1609 ipsa
1733 1528 1814 1605 ⁷⁷)
1859 1524 2140 1607 regulam
2186 1522 2523 1589 statuerat!
2565 1531 2639 1589 ut
2682 1542 2721 1588 a
2762 1540 2947 1588 mane
2992 1522 3179 1603 usque
3223 1522 3305 1588 ad
3347 1523 3565 1591 horam
3607 1528 3869 1594 terciam
3899 1527 4292 1594 orationibus
4325 1528 4660 1595 insisteretl
4705 1547 4744 1595 a

1156 1650 1356 1716 tercia
1395 1667 1548 1714 uero
1590 1646 1779 1728 usque
1824 1645 1905 1710 ad
1948 1662 2177 1710 nonam
2220 1643 2489 1709 textrine
2532 1642 2591 1708 se
2638 1642 2702 1708 in
2747 1660 2934 1723 opere
2981 1643 3342 1724 occupabat.
3430 1645 3487 1709 A
3539 1664 3704 1712 nona
3765 1666 3915 1714 uero
3966 1649 4122 1714 hora
4173 1648 4405 1714 iterum
4464 1648 4541 1713 ab
4601 1667 4740 1714 ora-

1156 1770 1327 1837 tione
1372 1787 1495 1835 non
1537 1765 1889 1832 recedebat.
1940 1764 2131 1847 usque
2176 1763 2325 1828 dum
2385 1762 2479 1827 illi
2522 1763 2782 1845 angelus
2829 1762 3064 1828 domini
3109 1770 3447 1846 appareret
3500 1766 3578 1832 de
3622 1767 3798 1832 cuius
3830 1786 4019 1833 manu
4062 1768 4261 1834 escam
4288 1767 4371 1848 ⁷⁸)
4416 1769 4742 1850 acciperet.

1158 1896 1225 1956 et
1266 1886 1494 1955 melius
1526 1891 1717 1969 atque
1760 1885 1985 1951 melius
2017 1885 2082 1950 in
2127 1883 2231 1949 dei
2275 1882 2571 1948 laudibus
2588 1884 2670 1959 ⁷⁹)
2714 1880 3100 1963 proficiebat.
3185 1883 3471 1967 Denique
3526 1904 3665 1951 cum
3710 1887 3979 1953 maiores
4019 1887 4298 1969 uirgines
4339 1888 4480 1953 suas
4525 1889 4589 1953 in
4645 1888 4746 1955 dei

1157 2008 1451 2075 laudibus
1482 2003 1784 2090 proficere
1828 2002 2244 2086 conspiceret!
2306 2003 2439 2068 zelo
2483 2001 2674 2069 nimio
2716 2004 3017 2070 bonitatis
3057 2004 3382 2086 satagebat
3433 2009 3508 2070 ut
3559 2006 3624 2071 in
3677 2007 3911 2088 uigiliis
3957 2008 4345 2073 inueniretur
4382 2016 4394 2092 ι
4442 2010 4630 2091 prior.
4683 2010 4749 2074 in

1155 2130 1458 2213 sapientia
1500 2126 1660 2210 legis
1695 2127 1795 2191 dei
1841 2125 2159 2192 eruditior.
2222 2123 2286 2189 in
2330 2123 2689 2190 humilitate
2716 2124 2794 2202 ⁸⁰)
2838 2123 3151 2192 humilior.
3208 2126 3275 2190 in
3318 2125 3698 2191 carminibus
3730 2127 4018 2193 dauiticis
4061 2129 4423 2211 elegantior.
4480 2129 4544 2194 in
4588 2131 4749 2195 cari-

1157 2256 1292 2317 tate
1337 2247 1687 2332 gratiosior.
1745 2245 1812 2310 in
1852 2247 2130 2328 puritate
2184 2244 2418 2328 purior.
2474 2244 2540 2308 in
2596 2243 2765 2309 omni
2819 2245 3059 2310 uirtute
3101 2246 3454 2326 perfectior.
3542 2245 3700 2311 Erat
3760 2246 3925 2311 enim
3968 2245 4250 2313 constans
4292 2255 4358 2315 et
4410 2250 4747 2317 immobilis.

1158 2378 1226 2437 et
1277 2368 1504 2437 cotidie
1561 2366 1782 2432 melior
1839 2371 2029 2450 atque
2083 2366 2307 2432 melior
2360 2363 2711 2430 transiebat
2739 2363 2834 2443 ⁸¹).
2920 2363 3102 2430 Hanc
3155 2382 3339 2431 nemo
3394 2364 3759 2433 irascentem
3811 2365 3990 2432 uidit.
4056 2367 4217 2434 banc
4272 2368 4749 2434 maledicentem

1158 2508 1478 2572 nunquam
1507 2487 1587 2565 ⁸²)
1634 2485 1813 2551 ‘ullus
1859 2486 2121 2554 audiuit.
2221 2484 2443 2551 Omnis
2485 2485 2684 2551 sermo
2737 2483 2874 2551 eius
2916 2483 3007 2549 ita
3063 2491 3202 2551 erat
3253 2485 3462 2567 gratia
3516 2485 3749 2566 plenus.
3819 2494 3892 2550 ut
3946 2488 4413 2569 cognosceretur
4468 2489 4622 2555 deus
4679 2490 4747 2554 in

1159 2612 1378 2693 lingua
1421 2608 1564 2675 eius.
1656 2605 1918 2689 Semper
1959 2607 2025 2671 in
2070 2606 2353 2673 oratione
2396 2610 2462 2671 et
2504 2604 2879 2670 scrutatione
2921 2604 3083 2687 legis
3115 2604 3219 2671 dei
3262 2605 3687 2687 permanebat.
3743 2610 3806 2670 et
3858 2612 3999 2672 erat
4050 2605 4308 2674 sollicita
4359 2610 4522 2676 circa
4565 2609 4758 2674 socias

1161 2732 1308 2797 suas.
1352 2750 1431 2796 ne
1477 2730 1686 2810 aliqua
1728 2746 1805 2793 ex
1848 2726 1942 2794 eis
1974 2728 2078 2795 uel
2120 2728 2186 2793 in
2230 2745 2354 2791 uno
2400 2726 2676 2791 sermone
2720 2730 3026 2806 peccaret.
3083 2743 3198 2792 nec
3260 2726 3472 2808 aliqua
3527 2724 3593 2790 in
3636 2725 3759 2790 risu
3802 2725 4110 2794 exaltaret
4152 2727 4365 2794 sonum
4408 2729 4581 2795 suum
4610 2728 4741 2813 ⁸³).l

1160 2869 1278 2917 nec
1320 2851 1531 2933 aliqua
1575 2849 1640 2914 in
1683 2847 1930 2913 iniuriis
1963 2850 2074 2912 aut
2118 2846 2402 2928 superbia
2460 2846 2627 2912 circa
2669 2862 2883 2926 parem
2929 2846 3101 2912 suam
3143 2845 3435 2912 existeret
3462 2845 3559 2926 ⁸⁴).
3647 2844 3796 2911 Sine
3839 2826 4295 2914 intermissione
4338 2849 4748 2916 benedicebat

1162 2973 1366 3039 deum.
1414 2976 1480 3035 et
1521 2986 1602 3034 ne
1643 2967 1805 3034 forte
1849 2967 1951 3032 uel
1980 2967 2058 3048 ⁸⁵)
2111 2967 2176 3031 in
2233 2966 2600 3031 salutatione
2657 2964 2763 3030 sua
2816 2983 2856 3031 a
2908 2964 3202 3031 laudibus
3248 2965 3483 3032 domini
3525 2965 3869 3031 tolleretur.
3937 2967 3970 3032 s
3971 2968 3992 3032 i
4047 2969 4186 3050 quis
4242 2988 4379 3036 eam
4435 2970 4745 3035 salutaret.

1158 3093 1272 3158 illa
1311 3109 1425 3173 pro
1470 3087 1837 3156 salutatione
1865 3087 1946 3173 ⁸⁶)
1994 3086 2108 3153 deo
2153 3086 2391 3170 gratias
2424 3084 2853 3169 respondebat.
2944 3085 3232 3170 Denique
3284 3085 3363 3152 ab
3409 3104 3485 3152 ea
3544 3086 3816 3169 primum
3858 3088 4027 3155 exiit.
4084 3095 4156 3155 ut
4209 3090 4357 3157 dum
4411 3090 4748 3157 resalutant

1160 3211 1445 3279 homines
1477 3210 1686 3276 sancti.
1735 3210 1850 3274 deo
1897 3208 2133 3290 gratias
2167 3208 2389 3273 dicant.
2478 3208 2722 3274 Cotidie
2766 3212 2978 3272 autem
3024 3207 3155 3274 esca
3198 3225 3386 3288 quam
3442 3206 3520 3273 de
3565 3225 3754 3272 manu
3797 3209 4005 3291 angeli
4048 3211 4395 3293 accipiebat
4440 3212 4568 3294 ipsa
4609 3217 4746 3277 tan-

1162 3341 1296 3398 tum
1340 3329 1772 3400 reficiebatur!
1837 3329 2032 3397 escam
2092 3346 2241 3394 uero
2299 3346 2486 3412 quam
2541 3347 2578 3393 a
2620 3325 3018 3410 pontificibus
3058 3327 3275 3410 templi
3330 3328 3821 3412 consequebatur
3846 3329 3922 3412 ⁸⁷)
3978 3331 4361 3414 pauperibus
4403 3331 4739 3399 diuidebat.

1368 3625 1459 3689 75)
1500 3625 1620 3677 Post
1656 3625 1768 3676 eius
1802 3631 1905 3675 tres
1924 3626 2049 3691 sere
2086 3623 2263 3675 literae
2297 3639 2491 3677 erasae.
2519 3623 2835 3690 particulam
2867 3625 2942 3674 ita
2974 3621 3190 3673 deletam
3215 3631 3359 3690 pato.
3566 3619 3657 3683 76)
3700 3622 3985 3691 Scripserat
4020 3625 4265 3678 librarius
4295 3624 4626 3693 Insistebant‚
4662 3632 4751 3683 sed

1163 3715 1341 3767 delevit
1386 3714 1585 3764 literam
1620 3726 1653 3761 n
1681 3710 1888 3776 punctu
1914 3710 2109 3777 positis.
2353 3709 2442 3768 77)
2494 3709 2599 3761 Vox
2641 3707 2754 3775 ipsa
2787 3708 3142 3760 minutior-ibus
3175 3709 3335 3761 literis
3381 3729 3417 3762 a
3450 3710 3663 3762 librario
3697 3712 4055 3778 euperem-uffa.
4298 3715 4387 3772 78)
4442 3716 4547 3768 Voa:
4580 3716 4750 3772 escam

1159 3802 1268 3853 alia
1300 3817 1459 3852 manu
1494 3798 1854 3865 superscripta.
2028 3794 2115 3861 79)
2154 3797 2323 3864 Super
2355 3812 2517 3848 vocem
2552 3794 2802 3847 laudibus
2830 3795 2940 3847 alia
2972 3810 3157 3845 mnus
3190 3811 3315 3847 eane
3349 3798 3623 3850 emendam
3656 3797 3854 3864 ecripm't
3888 3801 3910 3850 1
3943 3814 4135 3850 amore.
4169 3800 4415 3854 laudibus
4450 3804 4603 3871 lapsu
4635 3824 4749 3858 ocu-

1159 3891 1325 3941 lorum
1360 3903 1386 3938 e
1420 3884 1738 3953 sequentibus
1772 3902 1807 3936 a
1842 3884 2053 3936 librario
2086 3892 2337 3951 sumptum
2370 3900 2474 3936 ecee
2506 3882 2721 3934 videtur.
2758 3882 2907 3933 etiam
2942 3881 3044 3933 duo
3080 3881 3398 3934 Parieiemes
3445 3883 3673 3937 Z'ha'lonie
3707 3883 3849 3951 (paq.
3884 3882 4010 3948 ³53)
4047 3885 4232 3937 habent
4266 3903 4468 3953 amore,
4516 3889 4750 3943 Tischen-

1157 3975 1309 4041 dorffl-
1339 3973 1525 4026 codice,
1558 3989 1677 4024 „ero
1712 3974 1763 4022 in
1801 3986 1957 4037 opere
1993 3972 2092 4024 dei,
2333 3967 2426 4030 80)
2485 3968 2625 4021 Vocis
2658 3968 2954 4023 humilitate
2989 3967 3190 4034 syllaba
3223 3969 3261 4020 li
3294 3969 3501 4020 librarii
3531 3987 3692 4021 manu
3725 3972 4081 4037 cuper-scripta.
4320 3972 4409 4037 81)
4453 3974 4750 4029 transiebat

1158 4064 1244 4114 sic.
1320 4062 1547 4113 Ceterum
1581 4058 1877 4111 transiebat
1909 4074 2012 4109 non
2047 4057 2213 4110 eodem
2240 4072 2460 4122 prorem
2492 4071 2646 4106 censu
2679 4062 2984 4121 mur-patum
3019 4062 3090 4105 eat
3125 4071 3224 4122 quo
3257 4055 3522 4107 exsistebat
3554 4056 3633 4108 vel
3652 4057 3837 4123 fiebat,
3881 4057 3970 4109 sed
4003 4057 4271 4124 ampliore,
4307 4078 4634 4128 progressum
4667 4064 4748 4116 bo·

1156 4149 1329 4200 uitam
1361 4147 1522 4215 mam-3
1557 4145 1888 4213 misi-mmm
1925 4143 1997 4195 μ’,
2029 4144 2175 4195 ward
2207 4143 2389 4212 222le
2409 4140 2809 4211 sonachren'tend
2841 4141 3016 4191 immer
3051 4140 3216 4192 beezer
3250 4140 3362 4192 und
3395 4141 3577 4196 beezer.
3781 4142 3873 4199 82)
3909 4160 4178 4210 nunquam
4210 4146 4296 4198 sic.
4331 4148 4442 4199 vide
4478 4149 4647 4202 adnot.
4669 4149 4750 4204 18.

1363 4233 1454 4295 83)
1486 4233 1519 4287 i,
1557 4249 1599 4284 e.
1634 4232 1808 4284 ridens
1842 4248 2020 4283 semum
2051 4231 2180 4282 vocis
2214 4246 2337 4281 suae
2373 4236 2598 4296 auqeret,
2634 4243 2811 4279 sonum
2845 4226 3189 4277 eaealtatiorem
3214 4230 3503 4293 proferret:
3547 4228 3669 4281 dan
3699 4227 3765 4293 ja
3807 4230 3949 4281 keine
3984 4232 4111 4282 heim
4145 4233 4354 4284 Lachen
4397 4234 4509 4286 ihre
4547 4235 4750 4287 Stimme

1159 4338 1222 4372 zu
1258 4322 1369 4372 lant
1403 4320 1604 4371 werden
1637 4318 1799 4370 liene.
2005 4316 2098 4375 84)
2147 4317 2350 4368 Ver-tae:
2384 4316 2495 4367 und
2528 4316 2650 4367 daez
2683 4314 2817 4366 auch
2850 4313 2992 4364 keine
3026 4313 3083 4364 in
3119 4313 3674 4382 Belaidiqunyenwder
3695 4315 3944 4368 Hoclzmut
3974 4319 4255 4386 yeqemlber
4290 4321 4429 4372 einer
4462 4323 4597 4374 ihrer
4626 4323 4749 4391 ,9ῑεί-

1168 4408 1294 4459 chen
1335 4407 1659 4467 hen-arerem,
1694 4405 1783 4455 mit
1816 4405 1927 4456 Bel.
1963 4420 2119 4472 yeqen
2154 4403 2263 4455 eine
2298 4405 2539 4470 auflra'te.
2576 4399 2795 4455 existere
2830 4400 2977 4452 habet
3009 4400 3100 4452 hoc
3133 4401 3237 4453 loeo
3254 4401 3519 4468 propriam
3541 4418 3688 4453 auam
3708 4401 3807 4453 rim
3826 4405 4061 4466 exeundi,
4095 4406 4451 4470 herr-ortretmz,
4486 4412 4760 4472 ausis-etna.

1158 4494 1293 4562 quod
1326 4492 1416 4559 qui
1449 4491 1680 4543 exaravit
1731 4492 2044 4556 Vaticanum,
2079 4508 2168 4542 seu
2197 4491 2343 4557 prior
2378 4505 2525 4557 quem
2557 4496 2753 4539 secutus
2789 4495 2876 4549 eat,
2910 4487 3129 4554 neglexit
3163 4496 3208 4539 et
3243 4486 3460 4541 existere
3494 4488 3584 4540 hoc
3618 4489 3721 4539 loco
3750 4505 3849 4554 pro
3882 4485 3982 4542 esse
4022 4491 4100 4542 vel
4133 4492 4246 4543 fieri
4272 4496 4491 4559 positum
4526 4505 4570 4546 et
4603 4497 4751 4548 verbo

1151 4579 1508 4646 paedioatum
1525 4579 1881 4643 apponendum
1904 4594 2007 4630 ease
2020 4584 2229 4644 pmcne,
2265 4577 2398 4628 hunc
2430 4575 2487 4626 in
2520 4575 2723 4626 modum
2757 4572 2955 4639 scripsit
2988 4580 3082 4626 aut
3116 4572 3291 4640 aliqua
3326 4576 3519 4642 injuria
3557 4580 3649 4627 aut
3682 4571 3925 4641 superbia
3958 4579 4100 4629 cirea
4123 4594 4301 4644 parem
4337 4577 4480 4632 suam
4509 4578 4751 4634 existeret

1154 4668 1309 4719 elata·
1346 4666 1447 4716 alio
1481 4663 1626 4715 modo
1655 4652 1986 4730 peecaverunt
2023 4663 2339 4715 pamfimo,
2385 4661 2615 4717 Philonis
2632 4702 2643 4724 ‚
2697 4660 2789 4727 qui
2820 4658 3021 4727 quidem
3064 4658 3189 4726 quid
3231 4677 3327 4711 vox
3361 4676 3539 4726 parem
3584 4660 3700 4712 velit
3731 4679 3834 4713 non
3865 4664 4202 4731 intellegentes
4245 4666 4410 4733 inepte
4443 4668 4752 4734 scr-ipserum

1152 4769 1222 4804 ne
1256 4752 1434 4818 aliqua
1464 4752 1520 4801 iu
1555 4752 1761 4803 iniuriis
1795 4757 1888 4802 aut
1921 4753 1975 4802 in
2010 4749 2255 4816 superbia
2290 4749 2381 4814 (al.
2419 4742 2671 4799 iniuriosa
2703 4752 2800 4799 aaut
2833 4743 3077 4813 superba)
3112 4748 3256 4798 eirca
3291 4754 3488 4813 patrem
3524 4742 3671 4798 suum
3707 4757 3802 4800 aut
3836 4757 4049 4802 matrem
4081 4752 4171 4811 (al.
4192 4768 4389 4820 ergap.
4411 4751 4747 4820 santium.)

1151 4837 1404 4893 existeret.
1440 4838 1583 4905 apud
1615 4836 1923 4889 Vincentium
1956 4836 2359 4888 Bellovacemem
2394 4830 2532 4886 zib.6
2566 4828 2766 4900 cap.66
2800 4832 2941 4899 (edit.
2974 4834 3141 4884 Venet.
3171 4833 3300 4884 anni
3318 4830 3450 4885 1494
3484 4833 3577 4898 fol.
3601 4830 3741 4898 620.)
3777 4833 3912 4887 locus
3944 4845 4113 4888 noster
4147 4837 4220 4888 ita
4250 4838 4433 4906 leqitur
4466 4856 4531 4891 ne
4566 4842 4748 4907 aliqua

1152 4923 1404 4979 iniuriosa
1438 4927 1526 4979 vel
1559 4920 1785 4991 superba
1818 4925 1962 4975 eirca
1994 4939 2173 4989 parem
2207 4918 2350 4975 suam
2391 4917 2650 4973 existeret.
2686 4936 2854 4971 omnes
2887 4936 2944 4972 eo
2981 4936 3081 4987 quo
3116 4920 3277 4972 locum
3311 4918 3581 4971 emendare
3616 4920 3815 4972 dudem
3848 4923 3992 4974 ’⁷de
4026 4931 4255 4976 ”odram
4288 4925 4540 4976 ἶθΰῑίθπθπῑ
4574 4944 4749 4977 veram

1151 5028 1254 5063 esee
1271 5012 1581 5078 confirmant.
1646 5009 1951 5062 Wernherue
1979 5016 2133 5075 poeta
2165 5006 2424 5059 theotiacm
2456 5013 2686 5058 nostrum
2721 5006 2882 5059 locum
2913 5023 3018 5058 non
3052 5006 3123 5057 ad
3146 5008 3300 5059 verba
3333 5006 3499 5058 reddit
3533 5007 3623 5059 aed
3645 5023 3749 5074 per
3775 5009 4038 5060 circuitum
4066 5010 4290 5076 loquitur
4325 5011 4397 5061 ita
4417 5009 4534 5074 16⁴,
4553 5008 4621 5065 36
4638 5030 4746 5081 sqq.

1151 5099 1255 5153 alle
1290 5100 1337 5150 ir
1369 5098 1733 5165 hfisgubzinne
1770 5095 1854 5149 die
1890 5092 2083 5147 starhte
2132 5091 2162 5146 s
2168 5096 2184 5145 i
2232 5096 2286 5146 in
2322 5092 2417 5145 der
2452 5095 2655 5156 minue,
2703 5091 2801 5144 daz
2847 5089 2929 5145 sie
2978 5092 3064 5145 die
3100 5094 3407 5145 ubermuote
3442 5089 3723 5162 ersluogen
3770 5096 3866 5148 mit
3911 5096 4003 5148 der
4037 5103 4197 5163 guote
4247 5097 4356 5148 und
4390 5098 4524 5149 allez
4561 5100 4746 5151 unreht

1148 5187 1431 5237 vermitem
1468 5200 1529 5237 ze
1565 5179 1673 5238 also
1709 5183 2020 5238 luterlieheu
2055 5179 2083 5235 s
2086 5184 2190 5233 iten
2226 5179 2402 5232 oberte
2435 5177 2520 5235 sie
2559 5179 2650 5231 diu
2685 5176 2856 5232 suoze.
3062 5176 3159 5238 85)
3197 5180 3281 5232 uel
3318 5182 3730 5248 superscriptum.
3934 5177 4025 5242 86)
4062 5199 4155 5248 pro
4190 5179 4556 5238 resalutatione
4609 5185 4745 5237 Vino.

1150 5269 1343 5327 Βαίου,
1381 5270 1416 5325 ι,
1452 5287 1492 5324 0,
1530 5270 1680 5324 solm,
1890 5268 1980 5331 87)
2020 5283 2134 5320 eam
2173 5282 2300 5321 uero
2336 5282 2436 5333 que
2472 5283 2505 5319 a
2539 5265 2871 5331 pontificibus
2907 5264 3233 5317 tribuebatur
3284 5265 3419 5321 Vino.
3456 5266 3650 5321 Bellov.
3687 5269 3721 5320 l.
3759 5286 3799 5319 c.
