5242 6280
2875 612 2979 683 28

1138 843 1274 891 rem
1316 821 1531 890 suum!
1574 827 1640 889 et
1682 819 1897 886 asinus
1928 820 2179 903 presepe
2224 819 2458 887 domini
2498 820 2606 886 sui.
2696 819 2835 902 Ipsa
2879 778 3088 886 autem
3134 819 3430 887 animalia
3485 817 3752 884 eundem
3803 818 3868 883 in
3912 819 4113 885 medio
4156 821 4241 887 sui
4273 821 4375 904 ¹¹³²)
4421 819 4729 886 habentes

1140 943 1508 1010 incessanter
1563 939 1911 1008 adorabant
1964 958 2125 1006 eum.
2228 940 2524 1022 Tuncque
2551 941 2661 1016 ¹⁹³)
2715 939 3124 1022 adimpletum
3179 941 3300 1006 effe
3350 940 3604 1005 uidetur
3668 938 3836 1021 quod
3899 957 4012 1021 per
4064 941 4295 1008 abacuc
4347 941 4717 1023 prophetam

1141 1062 1393 1129 dicitur.
1464 1061 1540 1127 In
1583 1060 1789 1127 medio
1835 1061 2029 1126 duum
2056 1061 2164 1138 ¹¹³⁴)
2208 1060 2569 1133 animalium
2614 1059 3014 1126 innotesceris
3044 1060 3165 1138 ¹⁹⁵).
3239 1060 3314 1126 In
3348 1060 3567 1126 eodem
3612 1064 3822 1125 autem
3864 1060 4001 1124 loco
4030 1061 4312 1126 moratus
4344 1061 4433 1127 est
4474 1059 4719 1143 ioseph!

830 1181 1105 1256 [Cap.15.]
1137 1187 1204 1249 et
1244 1182 1447 1248 maria
1489 1198 1629 1247 cum
1673 1180 1911 1247 infante
1955 1180 2159 1246 tribus
2192 1179 2424 1247 diebus.
2443 1180 2544 1258 ¹⁹⁶)
2617 1179 2806 1246 Sexto
2851 1184 3063 1245 autem
3107 1179 3210 1245 die
3251 1179 3565 1246 bethleem
3607 1178 3908 1262 ingressus
3947 1177 4054 1244 est.
4100 1178 4205 1244 ubi
4250 1182 4585 1262 compleuit
4611 1182 4716 1261 ¹⁹⁷)

1138 1302 1370 1384 septem
1428 1301 1573 1368 dies.
1674 1300 1914 1367 Octauo
1969 1320 2122 1366 uero
2181 1300 2284 1366 die
2333 1299 2688 1365 natiuitatis
2732 1298 3248 1366 circumcidentes
3289 1318 3548 1381 puervm
3598 1306 3889 1367 uocatum
3946 1298 4033 1364 est
4086 1317 4312 1364 nomen
4366 1301 4502 1366 eius
4544 1300 4713 1365 iesus.

1138 1421 1303 1504 quod
1348 1425 1643 1488 uocatum
1687 1421 1775 1487 est
1817 1420 1897 1487 ab
1942 1419 2165 1503 angelo
2209 1424 2413 1486 antea.
2461 1438 2654 1502 quam
2697 1419 2760 1484 in
2805 1424 2986 1485 utero
3030 1418 3476 1500 conciperetur.
3507 1421 3612 1498 ¹⁹⁸)

1364 1541 1514 1625 Post
1560 1576 1749 1641 quam
1792 1565 2003 1622 autem
2047 1557 2290 1639 impleti
2335 1561 2483 1622 sunt
2535 1556 2671 1622 dies
2713 1555 3104 1639 purgationis
3135 1556 3333 1636 marie
3391 1556 3719 1623 secundum
3773 1555 3975 1638 legem
4019 1554 4256 1638 moysi!
4285 1556 4389 1636 ¹⁹⁹)
4440 1556 4715 1622 tulerunt

994 1682 1107 1740 241».
1138 1678 1316 1743 illum
1358 1678 1425 1744 in
1467 1678 1837 1744 hierusalem
1880 1676 1962 1742 ad
2005 1677 2307 1760 templum
2343 1676 2357 1759 Ι
2393 1677 2645 1742 domini.
2735 1676 3016 1759 Cumque
3072 1673 3397 1756 accepisset
3449 1673 3660 1740 infans
3695 1674 4128 1758 perithomen!
4189 1674 4551 1740 obtulerunt
4602 1694 4713 1756 pro

978 2403 1099 2460 24ν.

1139 1817 1215 1865 eo
1258 1817 1375 1880 par
1416 1802 1738 1863 turturum
1781 1801 1845 1863 et
1891 1797 2051 1863 duos
2079 1797 2292 1879 pullos
2323 1797 2765 1863 columbarum.
2842 1797 3002 1862 Erat
3043 1802 3256 1862 autem
3299 1795 3364 1860 in
3409 1794 3639 1875 templo
3679 1795 3911 1861 domini
3954 1796 4055 1860 uir
4084 1795 4390 1877 propheta
4432 1800 4497 1859 et
4537 1794 4732 1860 iustus

1138 1919 1388 1984 nomine
1433 1915 1715 1983 simeon!
1758 1935 2063 1983 annorum
2107 1922 2358 1983 centum
2404 1917 2746 1982 duodecim.
2835 1916 2956 1982 Hic
3000 1915 3350 1998 responsum
3403 1933 3445 1980 a
3488 1914 3605 1979 deo
3650 1916 4011 1997 acceperat!
4067 1916 4233 1998 quod
4277 1935 4402 1981 non
4447 1915 4719 1996 gustaret

1136 2042 1401 2104 mortem
1447 2036 1572 2101 nisi
1616 2036 1864 2102 uideret
1907 2037 2196 2103 christum
2242 2036 2477 2103 domini
2524 2037 2628 2102 dei
2671 2038 2735 2102 in
2782 2055 2986 2103 carne.
3076 2034 3193 2113 Qui
3250 2054 3391 2102 cum
3447 2034 3691 2100 uidisset
3742 2034 4086 2102 infantem!
4140 2035 4515 2102 exclamauit
4570 2052 4723 2099 uoce

1136 2175 1367 2239 magna
1411 2156 1631 2223 dicens.
1720 2156 1836 2222 Uis
1839 2157 2025 2222 itauit
2068 2157 2355 2222 dominus
2385 2156 2635 2239 plebem
2695 2157 2879 2221 suam.
2936 2155 3221 2237 impleuit
3267 2155 3419 2221 deus
3476 2155 3939 2236 promissionem
3997 2155 4183 2221 suam.
4272 2156 4357 2221 Et
4401 2152 4723 2219 festinans!

1136 2277 1429 2343 adorauit
1471 2276 1791 2342 infantem.
1880 2276 2022 2342 Post
2077 2277 2194 2343 hec
2244 2276 2572 2358 suscipiens
2621 2277 3010 2343 osculabatur
3031 2276 3144 2352 ²⁰⁰)
3212 2275 3581 2358 amplexans
3622 2295 3764 2341 eum
3820 2283 3885 2342 et
3941 2276 4158 2341 dicens.
4245 2275 4427 2341 Nunc
4479 2275 4724 2339 dimitte

1136 2397 1382 2462 seruum
1425 2401 1604 2462 tuum
1650 2396 1897 2462 domine
1941 2398 2006 2462 in
2050 2414 2202 2479 pace
2246 2398 2394 2477 quia
2438 2397 2736 2463 uiderunt
2778 2396 2939 2462 oculi
2983 2395 3107 2461 mei
3152 2395 3417 2461 salutare
3462 2402 3639 2462 tuum
3667 2397 3748 2434 ²⁰¹
3757 2412 3798 2473 ).
3827 2395 3836 2481 Ι
3862 2395 4039 2474 Quod
4069 2396 4296 2478 parasti
4326 2402 4470 2460 ante
4500 2393 4722 2460 faciem

1138 2519 1413 2583 omnium
1456 2516 1875 2600 populorum!
1937 2516 2180 2583 Lumen
2235 2518 2316 2583 ad
2361 2517 2813 2583 reuelationem
2856 2516 3134 2599 gentium
3191 2522 3257 2581 et
3315 2516 3578 2597 gloriam
3620 2517 3823 2599 plebis
3867 2524 3976 2597 tue
4026 2515 4221 2581 israel.
4309 2515 4467 2581 Erat
4510 2520 4721 2579 autem

1138 2640 1202 2703 in
1246 2638 1479 2719 templo
1526 2637 1761 2703 domini
1805 2656 1970 2703 anna
2014 2638 2390 2720 prophetiss'a
2432 2635 2563 2702 filia
2607 2636 2920 2718 phanuel!
2973 2654 3095 2718 que
3138 2636 3383 2702 uixerat
3438 2655 3577 2702 cum
3621 2638 3758 2702 uiro
3803 2636 3905 2702 suo
3949 2635 4133 2701 annis
4165 2635 4392 2717 septem
4449 2654 4488 2699 a
4528 2636 4720 2716 uirgi-

1139 2758 1341 2823 nitate
1386 2758 1509 2823 sua.
1593 2757 1677 2822 Et
1718 2757 1838 2838 hec
1882 2758 2074 2822 uidua
2117 2763 2256 2823 erat
2296 2760 2423 2823 iam
2468 2776 2580 2839 per
2626 2757 2824 2823 annos
2857 2757 3174 2837 octoginta
3218 2757 3525 2838 quatuor!
3568 2776 3689 2839 que
3729 2775 4067 2840 numquam
4092 2756 4205 2830 ²⁰²)
4250 2755 4598 2821 discedebat
4646 2754 4724 2818 de

1139 2875 1375 2961 templo
1401 2877 1652 2943 domini.
1697 2877 1947 2942 ieiuniis
1965 2884 2030 2943 et
2059 2877 2447 2944 orationibus
2464 2877 2705 2943 uacans.
2753 2877 2836 2942 Et
2863 2878 2980 2957 hec
3011 2876 3340 2942 accedensl
3369 2878 3659 2943 adorauit
3687 2876 3986 2943 infantem
4020 2877 4250 2942 dicens,
4296 2874 4599 2953 Quoniam
4614 2874 4721 2948 ²⁰³)

815 3004 965 3073 [Cap.
999 3003 1102 3073 lu]
1138 2999 1202 3063 in
1247 2997 1360 3063 isto
1405 2998 1529 3063 erit
1570 2997 1917 3080 redemptio
1961 2997 2163 3063 seculi.
2188 2999 2302 3077 ²⁰⁴)
2370 2998 2700 3063 Transacto
2746 3005 2956 3063 autem
3000 3015 3164 3062 anno
3189 2998 3296 3075 ²⁰⁵)
3345 3002 3653 3063 uenerunt
3697 2999 3862 3080 magi
3886 2998 3998 3073 ²⁰⁸)
4042 2996 4119 3061 ab
4150 2998 4391 3063 oriente
4422 2997 4486 3060 in
4516 2996 4722 3059 hiero-

1272 3255 1399 3318 192)
1436 3258 1557 3310 Post
1591 3253 1669 3309 sui
1705 3258 1944 3325 scriptum
1978 3266 2050 3310 est
2086 3275 2172 3310 um
2209 3258 2298 3311 sed
2331 3259 2470 3310 linea
2502 3258 2835 3325 subter-posita
2866 3257 3099 3310 deletum,
3247 3257 3371 3319 193)
3407 3276 3509 3327 que
3543 3259 3936 3327 superscriptum
3970 3276 4005 3309 a
4036 3257 4249 3310 librario
4280 3257 4391 3324 ipso
4421 3265 4477 3307 ut
4510 3256 4720 3308 videtur,

1278 3341 1404 3401 194)
1443 3344 1601 3395 duum
1636 3345 1705 3397 sic
1737 3353 1929 3407 noster,
1964 3345 2151 3413 reliqui
2183 3345 2425 3398 duorum.
2469 3346 2631 3397 duum
2663 3347 2834 3410 forma
2863 3352 3025 3412 genet.
3050 3344 3182 3411 plur
3242 3345 3385 3411 apud
3422 3346 3668 3397 Plautum
3704 3345 4004 3397 Sallustium
4039 3344 4243 3395 Livium
4279 3344 4503 3396 Plinium
4528 3344 4724 3410 passim

1137 3430 1377 3484 occurrit:
1411 3447 1458 3485 v.
1479 3430 1640 3494 Neue,
1675 3431 1849 3483 latein.
1886 3431 2245 3484 Formenlehre
2267 3429 2329 3495 2,
2358 3427 2455 3486 104
2480 3449 2555 3498 sq.
2801 3429 2921 3491 195)
2957 3431 3149 3483 Locum
3182 3430 3315 3483 hunc
3348 3430 3551 3483 Abacuc
3573 3430 3635 3495 3,
3658 3427 3693 3482 2
3725 3449 3830 3483 non
3861 3432 4135 3483 secumdum
4165 3430 4436 3484 versionem
4468 3429 4726 3497 vulqatam

1137 3536 1172 3569 a
1204 3526 1375 3570 nostro
1408 3517 1678 3569 laudatum
1710 3534 1815 3570 esse
1846 3518 1937 3570 sed
1970 3518 2242 3569 secundum
2273 3518 2548 3570 versionem
2584 3517 2996 3570 Alexandrinam
3037 3517 3099 3569 lv
3141 3517 3285 3587 μέσῳ
3331 3514 3427 3572 δύο
3463 3514 3614 3578 ζώων
3648 3516 3937 3590 γνωσθήσῃ
3969 3519 4084 3584 jam
4123 3518 4314 3569 nwnuit
4358 3518 4505 3570 Thilo
4527 3534 4571 3584 p
4604 3513 4724 3571 384.

1134 3604 1248 3657 vide
1282 3603 1586 3671 Hieronymi
1624 3612 1878 3658 comment.
1919 3605 1978 3656 in
2010 3605 2213 3656 Abacuc
2253 3604 2311 3655 in
2355 3604 2471 3655 edit.
2517 3603 2764 3656 Vallarsii
2791 3600 2845 3666 6,
2863 3602 2965 3657 633
2988 3620 3095 3670 sqq.
3170 3603 3398 3655 Celerum
3439 3605 3541 3656 duo
3584 3605 3831 3656 animalia
3877 3604 4166 3656 adoravisse
4209 3605 4456 3671 infantem
4499 3610 4726 3655 narrant

1155 3691 1460 3742 Wernherus
1488 3687 1601 3752 198,
1631 3688 1816 3752 2-14,
1858 3689 2161 3742 Οασηταᾶιιε
2185 3687 2270 3755 80,
2307 3690 2369 3744 15
2388 3703 2516 3754 sqq„
2559 3696 2733 3742 audor
2770 3689 3086 3742 Passionalis
3115 3687 3201 3753 19,
3225 3688 3475 3755 58-80,
3533 3691 3806 3758 Philippus
3838 3688 3977 3745 2096
4007 3708 4097 3759 sqq
4125 3728 4138 3752 ‚
4190 3692 4475 3742 Waltherus
4512 3690 4725 3741 Beinav.

1136 3776 1222 3841 59,
1241 3775 1309 3832 39
1327 3790 1428 3841 399.
1639 3772 1762 3837 196)
1801 3776 1921 3828 Post
1957 3773 2144 3830 diebus
2162 3785 2410 3843 punctum
2441 3777 2762 3829 desideratur
2794 3777 2851 3828 in
2883 3776 2988 3828 cod.
3023 3783 3208 3828 nostro.
3417 3776 3540 3842 197)
3581 3778 3702 3829 Post
3744 3780 3834 3829 ubi
3870 3785 4089 3844 spatium
4121 3778 4321 3829 duabus
4365 3778 4523 3828 literis
4555 3776 4729 3827 deletis

1136 3881 1362 3915 vacuum.
1400 3863 1640 3929 scriptum
1660 3865 1847 3930 fuerat
1880 3864 2160 3930 compendii
2191 3872 2312 3915 nota
2346 3863 2574 3915 adhibita
2608 3868 2736 3915 erat.
2770 3861 3121 3928 superscripsit
3155 3861 3399 3914 librarius
3432 3864 3539 3930 ipse
3574 3873 3630 3915 ut
3661 3865 3861 3917 videt-ur
3896 3866 4190 3930 compleuit.
4399 3861 4521 3927 198)
4561 3863 4726 3913 Locus

1138 3967 1201 4001 ex
1234 3966 1410 4017 evanq.
1446 3949 1620 4000 Lucae
1643 3946 1695 4012 2,
1711 3946 1777 4001 21
1815 3959 2066 4016 sumptus,
2117 3967 2279 4018 neque
2318 3967 2437 4002 vero
2477 3951 2547 4001 ad
2588 3950 2794 4002 verbum
2833 3966 2946 3999 eum
2986 3964 3115 3999 vers.
3148 3950 3283 4016 ναῖς.
3320 3967 3598 4018 congruens
3652 3970 3698 4003 v.
3734 3952 3948 4003 Hieron.
3984 3969 4098 4018 opp.
4134 3952 4210 4002 ed.
4265 3952 4482 4002 Vallars.
4509 3946 4587 4011 10,
4608 3946 4724 4001 776.

1349 4034 1468 4099 199)
1504 4032 1786 4088 secundum
1820 4036 1992 4102 legem
2027 4034 2228 4103 moysi!
2272 4037 2495 4104 marqini
2537 4036 2845 4103 adscriptum
2887 4052 2922 4085 a
2963 4033 3175 4085 librario
3216 4035 3337 4101 ipso.
3579 4033 3704 4099 200)
3743 4039 3862 4090 Post
3896 4034 4225 4090 osculabatur
4266 4038 4484 4104 epatium
4527 4035 4726 4086 duabus

1139 4125 1247 4182 fere
1280 4122 1442 4174 literis
1475 4121 1649 4173 deletis
1682 4139 1912 4173 vacuum.
1958 4123 2197 4190 scriptum
2217 4125 2388 4192 fuisse
2413 4131 2541 4190 puto
2577 4130 2646 4176 et.
2852 4118 2977 4183 201)
3033 4121 3154 4172 Posi
3202 4129 3346 4173 tuum
3384 4122 3523 4173 linea
3565 4123 3742 4174 addita
3776 4133 3873 4185 est,
3912 4142 4017 4192 qua
4061 4124 4308 4176 indicetur
4350 4142 4412 4176 ea
4447 4140 4579 4191 quae
4613 4122 4726 4172 sub-

1136 4218 1416 4277 sequantur
1446 4209 1588 4260 initio
1608 4209 1736 4276 solii
1766 4209 1899 4260 versi
1932 4210 2002 4260 ad
2035 4211 2248 4261 eandem
2283 4211 2578 4262 sementiam
2602 4209 2878 4276 pertinere.
3088 4204 3216 4267 202)
3252 4225 3534 4278 numquam
3568 4209 3651 4260 sie.
3685 4229 3728 4261 v.
3767 4210 3936 4264 adnot.
3962 4209 4041 4263 18.
4246 4209 4370 4276 203)
4406 4212 4522 4273 Qu6
4558 4209 4726 4260 codex.

1137 4314 1181 4346 v.
1218 4295 1389 4347 adnot.
1412 4295 1528 4349 143.
1719 4293 1845 4358 204)
1880 4296 2054 4349 Etiam
2087 4296 2166 4347 hie
2198 4305 2327 4348 totus
2362 4296 2497 4347 locus
2530 4296 2593 4347 de
2634 4295 2825 4347 Christo
2858 4295 2916 4345 in
2947 4293 3188 4360 templum
3220 4295 3385 4347 delato
3419 4312 3482 4347 ex
3520 4313 3693 4363 evany.
3720 4296 3895 4348 Lucae
3916 4295 4224 4359 2,22-32.
4260 4294 4467 4350 36-38
4501 4304 4726 4361 sumptus

1138 4389 1207 4432 est
1258 4383 1413 4433 verba
1446 4399 1550 4434 non
1585 4382 1754 4434 omnia
1787 4401 1900 4434 cum
1934 4383 2158 4434 versione
2191 4383 2399 4449 iulqata
2431 4390 2729 4449 congruunt.
2806 4382 3032 4434 Ceterum
3067 4380 3199 4432 hanc
3231 4398 3338 4432 rem
3370 4390 3594 4433 narrant
3626 4383 3938 4434 Hrodsritha
3972 4385 4077 4435 effr.
4110 4384 4197 4446 fin.
4230 4392 4274 4434 et
4290 4402 4336 4434 v.
4372 4384 4500 4443 init„
4553 4384 4724 4432 Wern·

1138 4468 1292 4520 herus
1324 4466 1445 4530 206,
1463 4467 1531 4522 35
1550 4495 1617 4506 -
1633 4467 1754 4533 207,
1771 4467 1858 4532 27,
1902 4469 2205 4522 Ouonradus
2223 4467 2308 4531 80,
2328 4467 2397 4522 68
2414 4494 2481 4505 -
2499 4468 2585 4532 81,
2603 4466 2701 4531 20,
2738 4475 2912 4519 auctor
2950 4467 3268 4520 Passionalis
3290 4465 3376 4532 20,
3396 4463 3465 4519 40
3483 4496 3545 4505 -
3564 4466 3648 4532 27,
3665 4467 3733 4521 85
3746 4506 3760 4531 ,
3801 4469 4071 4536 Philippus
4089 4468 4432 4524 2668-2733
4450 4508 4463 4533 ,
4513 4468 4727 4520 Walthe-

1137 4571 1228 4605 rus
1253 4551 1336 4618 70,
1363 4551 1580 4609 12-47,
1787 4553 1911 4618 205)
1951 4555 2036 4607 Sic
2069 4555 2223 4607 codex
2266 4563 2433 4606 noster
2467 4556 2618 4606 solus.
2706 4555 2917 4606 Venetus
2958 4561 3224 4606 transacto
3269 4551 3493 4606 secundo
3537 4571 3704 4619 anno,
3759 4556 3926 4612 Laur.
3970 4560 4249 4609 transactis
4298 4558 4503 4608 duobus
4546 4557 4722 4614 annis:

1141 4642 1312 4693 Paris.
1340 4642 1544 4707 primus
1577 4645 1856 4693 transactis
1894 4643 2098 4694 duobus
2136 4644 2319 4694 diebus
2356 4643 2461 4694 scil.
2485 4650 2602 4709 post
2642 4641 2892 4692 Christum
2926 4641 2982 4691 in
3016 4642 3254 4708 templum
3287 4640 3535 4703 delatum,
3575 4642 3745 4694 Paris.
3771 4644 3902 4694 alter
3936 4646 4089 4695 tertio
4126 4645 4328 4697 decimo
4365 4645 4449 4696 die
4480 4644 4580 4696 scil.
4611 4661 4723 4709 post

1143 4728 1393 4780 Christum
1426 4736 1620 4779 nalum.
1660 4728 1783 4780 haec
1816 4728 1873 4779 in
1907 4729 2035 4781 libro
2067 4737 2238 4780 nostro
2271 4728 2334 4779 de
2366 4729 2595 4796 infantia
2630 4728 2836 4780 Mariae
2871 4736 2917 4779 et
2949 4728 3230 4779 salvatoris.
3267 4728 3401 4795 quod
3434 4727 3504 4777 ad
3536 4728 3756 4794 reliquos
3789 4730 3941 4782 libros
3978 4731 4291 4798 apocryphos
4325 4731 4520 4792 attinet,
4565 4745 4728 4798 neque

1128 4815 1564 4881 prolevanqelium
1598 4814 1776 4866 Jacobi
1798 4832 1838 4866 c.
1861 4812 1924 4868 21
1964 4832 2128 4883 neque
2163 4833 2338 4882 evang.
2371 4814 2629 4881 infantiae
2663 4815 2924 4867 arabicum
2957 4832 2998 4867 e.
3027 4815 3056 4865 7
3092 4822 3285 4881 tempus
3319 4814 3562 4866 adventus
3595 4833 3857 4883 mayorum
3892 4827 4124 4869 accurate
4147 4817 4408 4884 definiunt.
4443 4817 4574 4867 idem
4595 4818 4729 4868 valet

1136 4901 1199 4952 de
1232 4902 1470 4953 canonico
1508 4900 1761 4952 Matthaei
1792 4902 2048 4968 evanyelio
2064 4899 2115 4964 2,
2138 4899 2185 4955 1.
2222 4918 2378 4968 quum
2410 4902 2466 4951 in
2500 4901 2595 4952 hac
2627 4918 2686 4953 re
2718 4920 2907 4969 maqna
2940 4901 3180 4954 dissensio
3210 4902 3294 4963 sit,
3331 4901 3558 4969 sequitur
3593 4911 3649 4953 ut
3683 4905 3883 4956 omnino
3923 4906 3978 4955 in
4025 4904 4202 4955 ordine
4233 4922 4406 4954 rerum
4450 4904 4514 4956 de
4549 4905 4730 4972 quibus

1136 4988 1215 5038 hic
1249 4987 1445 5054 aqimus
1477 4996 1814 5038 narratarum
1847 4988 1979 5038 inter
2012 5005 2065 5039 se
2099 4988 2340 5055 differant
2374 4996 2616 5040 auctores.
2661 4988 2881 5054 plnm‘mi
2923 4988 3150 5039 ordinem
3197 4996 3398 5039 sev-namt
3442 5006 3589 5056 quem
3631 4989 3777 5042 habet
3822 4991 3943 5042 libri
3983 4991 4145 5042 nostri
4183 4992 4336 5042 codem
4372 4992 4544 5043 Paris.
4581 4992 4727 5052 aller,

1130 5074 1299 5139 primo
1331 5074 1764 5136 circumcisionem,
1800 5074 1981 5125 deinde
2013 5092 2273 5142 magorum
2308 5076 2592 5136 adveutum,
2628 5074 2771 5126 terlio
2810 5074 3060 5126 Christum
3091 5075 3148 5125 in
3181 5075 3418 5140 templum
3450 5075 3674 5126 delatum
3706 5086 4000 5138 narrantes,
4034 5079 4091 5128 in
4114 5077 4292 5145 quibus
4327 5086 4397 5129 est
4415 5078 4726 5130 Hrodsvilha

1139 5161 1244 5212 elv.
1257 5162 1356 5226 fin.
1376 5173 1493 5223 sqq„
1546 5162 1849 5213 Wernherus
1884 5158 2004 5223 203,
2021 5159 2091 5211 20
2107 5174 2192 5224 sqq
2213 5199 2226 5223 ‚
2263 5168 2435 5212 auctor
2456 5161 2773 5213 Passionalis
2801 5159 2885 5224 22,
2907 5157 3127 5214 76-85.
3163 5158 3249 5225 23,
3271 5159 3335 5213 72
3352 5175 3469 5226 sqq„
3510 5163 3780 5230 Philippus
3805 5161 3943 5216 2430
3960 5177 4079 5227 sqq„
4125 5164 4407 5216 Waltherus
4433 5161 4518 5227 68,
4537 5165 4603 5218 25
4621 5178 4721 5228 sqq.

5197 3854 5220 3974 μή·
5209 3713 5218 3828 -———-
5198 3453 5228 3670 ——-....-1⁴
5217 3225 5224 3444 ——-—·-—---
5157 3086 5229 3190 j
