5242 6280
16 952 21 983 ..-
16 856 21 887 ,-
16 841 23 849 ,,
16 698 17 701 Α

12 1660 39 2059 --ψἫ
14 1446 37 1631 -———;;2.-*
14 1352 17 1399 -ψ

2273 687 2318 754 7

510 896 629 945 item
666 893 963 946 obstetricis
996 907 1186 946 nomen
1221 892 1410 946 Zelemi
1442 908 1562 945 cum
1594 893 1765 946 Paris.
1801 893 1970 960 primo
2003 889 2077 958 (v.
2114 892 2236 948 adn.
2254 890 2396 952 1711).
2432 895 2552 946 1000
2586 892 2683 945 1110
2722 892 2788 945 de
2824 909 2927 960 quo
2963 894 3168 961 egimus
3203 896 3259 947 111
3290 894 3414 947 adn.
3432 891 3538 949 244
3575 897 3782 962 poetria
3813 898 3935 950 item
3971 897 4100 950 facit

510 994 630 1029 cum
664 977 850 1031 eodem
884 980 1193 1033 Parisiensi.
1245 982 1417 1032 minus
1453 994 1642 1048 graves
1678 984 1800 1030 sunt
1835 978 1995 1044 pauci
2027 978 2135 1031 loci
2172 980 2364 1045 quibus
2401 995 2521 1031 cum
2557 979 2817 1032 Vaticano
2853 979 2925 1045 (V.
2964 980 3086 1032 adn.
3121 978 3273 1043 242),
3316 995 3436 1032 cum
3471 980 3726 1033 Vaticano
3777 987 3832 1035 et
3864 983 4100 1035 Lauren-

506 1066 652 1116 tiano
686 1064 760 1129 (v.
796 1065 915 1117 adv.
952 1062 1042 1130 71)
1078 1070 1131 1118 et
1163 1081 1280 1117 cum
1314 1067 1482 1118 Paris.
1519 1066 1685 1117 altero
1721 1063 1793 1129 (v.
1829 1064 1953 1117 adn.
1976 1061 2106 1125 205)
2147 1067 2423 1118 consentit.
2478 1065 2668 1132 quibus
2703 1065 2861 1118 rebus
2896 1067 3151 1133 reputatis
3184 1065 3398 1117 dubium
3423 1081 3541 1118 esse
3564 1069 3748 1134 nequit
3769 1070 3893 1135 quin
3923 1069 4099 1120 Hrod-

505 1150 680 1201 svitba
711 1150 858 1202 illam
892 1151 1011 1203 libri
1044 1152 1212 1202 nostri
1244 1153 1599 1202 recensionem
1635 1157 1818 1203 secuta
1851 1153 1922 1203 sit
1955 1165 2103 1217 quae
2147 1157 2318 1204 exstat
2361 1153 2418 1202 in
2453 1152 2642 1204 codice
2675 1151 2966 1204 Parisiensi
2998 1154 3193 1218 primo,
3228 1167 3348 1204 cum
3382 1168 3487 1218 quo
3532 1153 3692 1205 etiam
3734 1154 3791 1205 id
3825 1169 4099 1207 commune

503 1235 665 1287 habet
697 1235 842 1302 quod
874 1242 1145 1288 auctorem
1180 1237 1441 1289 Jacobum
1476 1235 1764 1302 profitetur.

707 1322 864 1374 Anno
892 1318 1026 1374 1172
1042 1324 1125 1383 (nt
1154 1328 1300 1374 recte
1344 1321 1476 1371 vidit
1507 1323 1705 1387 primus
1721 1323 2034 1375 wilhelmus
2058 1321 2509 1390 Wackernagelns
2529 1324 2614 1375 vir
2641 1323 3009 1376 celeberrimus
3037 1325 3093 1375 in
3130 1323 3349 1376 historia
3372 1323 3644 1375 literarum
3667 1323 4097 1378 Germanicarum

501 1423 552 1472 p.
581 1403 707 1472 1613
743 1424 851 1460 non
880 1406 1038 1470 1173,
1072 1412 1134 1459 ut
1166 1407 1331 1459 voluit
1357 1406 1707 1460 Hoffmannus
1730 1408 2168 1461 Fallerslebeiisis
2203 1408 2258 1458 in
2301 1407 2438 1459 libro
2463 1409 2821 1477 Fundgrnben
2862 1408 2910 1474 1,
2944 1407 3063 1461 243.
3099 1403 3151 1470 2,
3184 1405 3314 1469 145,
3358 1423 3512 1473 quem
3542 1414 3755 1461 secutus
3791 1415 3907 1462 erat
3926 1410 4098 1463 Lach-

500 1507 722 1545 mannus
756 1496 814 1545 in
838 1494 1026 1546 Bhein.
1053 1492 1192 1544 Mus.
1226 1492 1311 1543 ffir
1332 1492 1522 1546 Philol.
1549 1491 1600 1558 3,
1632 1497 1761 1547 anni
1789 1492 1940 1558 1829,
1963 1512 2014 1563 p.
2041 1489 2170 1558 4263
2204 1510 2257 1547 v.
2278 1494 2618 1546 Feifalikium
2661 1497 2717 1546 in
2753 1495 2880 1546 edit.
2924 1511 3024 1546 sna
3068 1493 3317 1544 carminis
3362 1509 3415 1558 p.
3450 1491 3653 1557 xxm)
3682 1493 4097 1546 wernherus

498 1579 851 1644 presbyter
887 1579 1176 1646 Bajovarus
1211 1577 1397 1643 lingua
1430 1580 1718 1632 vernacula
1750 1595 1939 1647 poema
1972 1581 2266 1649 composuit
2300 1580 2366 1632 de
2400 1581 2679 1633 nativitate
2702 1580 2905 1632 Mariae
2941 1585 2994 1632 et
3017 1579 3211 1632 Christi
3260 1579 3571 1641 salvatoris,
3617 1579 3676 1628 in
3713 1580 3817 1631 tria
3861 1580 4097 1631 carmina

500 1660 635 1729 (liet)
671 1664 911 1717 divisum.
959 1664 1108 1730 cujus
1144 1664 1400 1728 poematis
1434 1664 1629 1732 integri
1663 1665 1768 1717 duo
1803 1666 1976 1718 adhuc
2023 1671 2230 1718 exstant
2274 1664 2513 1729 codices,
2565 1681 2706 1717 unus
2748 1665 3110 1718 Berolinensis
3146 1669 3270 1723 (ms.
3305 1679 3468 1731 germ.
3504 1662 3565 1716 8ο
3585 1679 3662 1717 nr.
3689 1661 3815 1719 109»
3850 1665 3948 1717 sub
3992 1664 4097 1717 fine

500 1764 606 1800 sec.
628 1745 694 1799 12
729 1755 997 1812 exaratus,
1032 1747 1201 1801 editus
1238 1766 1273 1801 a
1294 1750 1358 1803 F.
1381 1749 1471 1802 W.
1494 1750 1711 1803 Oettero
1728 1753 1961 1805 Norimb.
1985 1749 2135 1815 1802,
2169 1752 2358 1805 melius
2392 1753 2460 1804 ab
2486 1751 2803 1803 Hoffmanno
2840 1752 2895 1801 in
2930 1750 3062 1802 libro
3080 1751 3442 1816 Fundgruben
3477 1748 3512 1802 2
3548 1746 3747 1814 (1837),
3785 1747 4097 1814 147-212,

498 1834 631 1885 alter
648 1834 1069 1887 vindobonensis
1104 1850 1211 1887 sec.
1238 1832 1304 1887 13
1338 1837 1393 1886 111
1410 1835 1628 1888 archivo
1658 1838 1858 1890 ordinis
1882 1839 2133 1890 teutonici
2159 1837 2373 1904 degens,
2409 1852 2565 1904 quem
2595 1839 2849 1903 optimum
2880 1841 3079 1889 textum
3103 1836 3441 1903 praebentem
3472 1836 3780 1887 existimans
3804 1837 3862 1887 in
3888 1835 4094 1890 edendo

495 1919 726 1971 carmine
760 1921 981 1971 maxime
1014 1924 1228 1973 secutus
1264 1926 1347 1973 est
1379 1922 1490 1974 Jul.
1526 1924 1838 1976 Feifalikins
1874 1922 1991 1988 (des
2023 1923 2271 1989 priesters
2301 1922 2564 1974 Wernher
2599 1922 2719 1974 driu
2751 1922 2848 1974 liet
2890 1937 2997 1974 von
3032 1922 3126 1974 der
3158 1927 3341 1988 maget
3355 1957 3371 1984 ,
3408 1921 3569 1973 wien
3588 1918 3764 1987 1800).
3824 1928 4098 1988 praeterea

497 2004 718 2056 aliorum
752 2005 990 2056 codicum
1025 2006 1324 2073 fragmenta
1374 2012 1581 2061 tantum
1626 2015 1859 2063 exstant:
1901 2011 2255 2078 fragmentum
2288 2009 2609 2061 Monacense
2643 2009 2743 2061 sub
2774 2008 2865 2060 fin.
2901 2023 3009 2060 sec.
3043 2005 3109 2059 12
3142 2014 3445 2071 exaratum,
3495 2023 3532 2060 a
3562 2007 3781 2059 Doceno
3826 2015 4099 2074 repertum

497 2097 549 2143 et
581 2092 721 2157 typis
754 2090 1059 2146 mandatum
1091 2092 1370 2145 inAretini
1403 2093 1539 2146 libro
1562 2095 1815 2163 Beitrxge
1835 2094 1868 2147 7
1886 2091 2087 2159 (1806),
2124 2093 2416 2159 119-124,
2451 2100 2506 2146 et
2531 2095 2721 2148 iterum
2744 2095 2814 2147 ab
2847 2093 3029 2145 eodem
3060 2095 3116 2145 in
3150 2093 3284 2145 libro
3308 2108 3404 2144 sno
3433 2092 3814 2145 Miscellaneen
3842 2093 3877 2146 2
3901 2091 4094 2154 (1807)

501 2172 657 2227 103-
672 2171 786 2239 108,
818 2179 1094 2242 repetitum
1130 2178 1200 2231 ab
1232 2179 1548 2232 Hoffmanno
1584 2182 1641 2231 in
1658 2180 2017 2248 Fundgruben
2032 2179 2084 2243 2,
2104 2179 2210 2234 213
2230 2194 2335 2249 sq.;
2372 2179 2563 2233 deinde
2592 2181 2893 2249 fragmenta
2910 2178 3315 2233 carlsruhensia
3353 2195 3388 2231 a
3409 2179 3590 2230 Monio
3622 2190 3833 2246 reperta
3864 2185 3920 2232 et
3954 2180 4098 2232 edita

493 2262 547 2310 in
591 2261 723 2311 libro
769 2277 864 2313 suo
893 2261 1157 2331 Anaeiger
1198 2264 1285 2316 flir
1321 2266 1515 2318 Kunde
1562 2264 1654 2318 dei·
1686 2267 1962 2319 teutschen
1991 2267 2206 2321 Vorzeit
2226 2264 2263 2321 6
2291 2265 2493 2333 (1837),
2526 2266 2634 2319 001.
2671 2261 2991 2329 156-104,
3034 2277 3169 2332 quae
3212 2262 3385 2315 medio
3429 2264 3542 2315 fere
3585 2279 3688 2316 sec.
3721 2263 3785 2318 13
3827 2265 4097 2332 adjudicat

497 2345 689 2409 Θᾶῑῐῦΐὶ
724 2361 880 2412 porro
915 2348 1215 2417 fragmenta
1250 2350 1371 2403 Car.
1406 2351 1671 2404 Bartschii
1703 2353 2014 2419 professoris
2050 2354 2411 2407 universitatis
2444 2351 2823 2405 Bostockensis
2857 2350 3184 2403 celeberrimi
3201 2386 3215 2413 ,
3258 2350 3327 2400 de
3364 2349 3556 2415 quibus
3589 2350 3704 2415 ipse
3742 2352 3854 2418 egit
3897 2352 3950 2401 in
3987 2350 4095 2403 edi-

485 2431 639 2482 tionis
673 2431 1019 2487 Feifalikiani
1061 2439 1328 2502 prooemio
1368 2453 1419 2503 p.
1449 2437 1528 2489 IX
1550 2454 1689 2504 sqq„
1741 2439 1923 2491 seculo
1962 2436 2026 2492 13
2058 2442 2263 2492 ineunti
2297 2455 2365 2492 ea
2399 2438 2710 2506 adjudicans
2755 2443 2810 2488 et
2857 2434 3094 2502 ejusdem
3147 2441 3308 2501 atque
3340 2434 3511 2486 Monii
3557 2436 3855 2504 fragmenta
3896 2438 4096 2489 codicis

491 2530 608 2567 esse
644 2532 708 2568 ex
744 2519 914 2572 forma
945 2520 1189 2574 foliorum
1224 2529 1277 2575 et
1298 2528 1444 2575 certa
1466 2523 1734 2577 scribendi
1754 2526 1977 2589 ratione,
2011 2541 2149 2592 quae
2175 2526 2457 2578 dialectum
2479 2522 2687 2576 mediae
2712 2522 3044 2578 Germaniae.
3070 2521 3362 2589 Turingiae
3385 2523 3734 2587 potissimum,
3769 2522 4092 2590 profiteatur,

484 2602 823 2665 probabiliter
855 2607 1154 2672 conjiciens.
1205 2609 1384 2660 varias
1416 2624 1595 2662 eorum
1629 2611 1882 2663 lectiones
1927 2611 2166 2663 exhibuit
2195 2609 2517 2663 Feii'alikius
2561 2610 2619 2660 in
2668 2608 2792 2662 edit.
2826 2609 3079 2661 carminis
3112 2622 3164 2674 p.
3202 2604 3302 2661 189
3324 2623 3442 2674 sqq.
3482 2601 3583 2661 168
3606 2624 3725 2675 sqq.
3798 2609 3894 2661 sed
3928 2623 4093 2674 quum

484 2690 720 2755 scrupuli
754 2691 880 2742 mihi
912 2695 1247 2756 exstitissent,
1282 2710 1479 2747 verane
1513 2702 1655 2748 esset
1686 2697 1781 2749 illa
1814 2698 2001 2749 aetatis
2034 2696 2446 2765 fragmentorum
2480 2695 2748 2757 indicatio,
2784 2696 2915 2761 petii
2954 2711 2988 2747 a
3008 2694 3286 2746 Bartschie
3311 2698 3373 2745 ut
3398 2693 3725 2759 exemplaria
3746 2695 3864 2759 ipsa
3886 2709 4092 2745 mecum

483 2777 910 2853 communicaret.
962 2793 1063 2831 nec
1097 2781 1294 2846 petenti
1337 2779 1518 2834 detuit.
1570 2780 1742 2832 habeo
1778 2797 1908 2849 ergo
1942 2782 2243 2849 Regimonti
2285 2781 2584 2848 gratissimo
2629 2781 2747 2848 ejus
2790 2780 3045 2833 beneficio
3088 2780 3383 2848 fragmenta
3400 2819 3413 2837 ,
3470 2787 3524 2833 et
3571 2779 3681 2830 vidi
3731 2779 3877 2831 haud
3921 2795 4091 2832 vanos

488 2858 649 2912 fuisse
682 2862 973 2930 scrupulos.
1031 2878 1153 2915 nam
1202 2866 1302 2916 etsi
1335 2880 1524 2917 versus
1560 2869 1794 2919 continui
1838 2874 1962 2920 sunt
2002 2868 2182 2933 scripti
2225 2866 2393 2933 (qnod
2433 2869 2739 2920 vetustioris
2788 2868 2976 2918 aetatis
3021 2867 3230 2934 signum
3274 2866 3440 2932 vulgo
3485 2863 3759 2932 habetur),
3817 2865 4091 2918 literarum

488 2945 731 2999 ductibus
766 2952 880 3001 sine
915 2950 1072 3002 dubio
1110 2949 1329 3002 efficitur
1361 2955 1424 3002 ut
1453 2951 1751 3019 fragmenta
1784 2956 1888 3007 sint
1923 2954 2122 3005 codicis
2145 2968 2251 3004 non
2275 2952 2456 3006 seculo
2484 2950 2549 3008 13
2583 2955 2807 3004 ineunte
2840 2951 2937 3003 sed
2971 2956 3183 3003 centum
3218 2950 3332 3003 fere
3355 2951 3509 3002 annis
3547 2955 3671 3015 post
3694 2953 3915 3003 exarati.
3951 2966 4090 3018 quae

490 3047 648 3098 quum
695 3034 768 3086 ita
812 3037 948 3100 sint,
1002 3036 1159 3088 etiam
1200 3037 1267 3087 de
1310 3039 1487 3103 patria
1529 3037 1728 3090 codicis
1763 3038 1918 3090 aliter
1944 3037 2189 3105 judicare
2222 3039 2366 3091 licet.
2414 3054 2520 3090 non
2555 3040 2695 3089 enim
2729 3037 3039 3104 'turingiam
3073 3052 3190 3090 eam
3224 3051 3470 3088 censeam
3503 3036 3601 3088 sed
3639 3036 3910 3089 Prussiam
3945 3039 4090 3104 equi-

488 3124 597 3169 tum
633 3122 1012 3173 tentonicorum
1045 3126 1254 3176 terram.
1313 3130 1496 3177 notum
1531 3129 1612 3177 est
1643 3139 1750 3191 qua
1782 3124 2054 3178 alacritate
2086 3125 2193 3178 illis
2224 3125 2338 3178 illic
2370 3124 2692 3192 temporibus
2725 3122 2911 3176 literae
2958 3128 3012 3174 et
3046 3124 3222 3190 poesis
3257 3122 3595 3190 germanicae
3651 3120 3720 3173 ad
3754 3137 3845 3174 res
3882 3122 4086 3177 divinas

483 3211 536 3256 et
554 3206 952 3264 ¹ecclesiasticas
985 3213 1288 3274 spectantes
1323 3210 1658 3272 colebantur,
1718 3226 1821 3277 quo
1867 3212 2044 3264 calore
2089 3212 2248 3265 beata
2288 3212 2441 3278 virgo
2473 3211 2650 3263 Maria
2698 3209 2809 3261 illic
2842 3208 3232 3271 celebrabatur,
3283 3211 3338 3259 in
3372 3207 3525 3273 cujus
3560 3206 3717 3259 fidem
3766 3223 3832 3258 ac
3868 3210 4088 3261 tutelam

487 3292 687 3356 equites
722 3307 841 3344 sese
876 3292 1142 3347 dederant.
1197 3295 1284 3345 cni
1316 3296 1393 3346 rei
1429 3297 1588 3347 etiam
1622 3298 1873 3349 convenit
1912 3296 2057 3363 quod
2087 3299 2323 3349 carmina
2370 3295 2438 3350 de
2470 3298 2582 3348 vita
2615 3295 2820 3348 Mariae
2853 3295 3141 3361 composita
3187 3310 3383 3362 magna
3416 3291 3531 3345 illic
3564 3294 3954 3346 existimatione
3990 3295 4086 3347 ha-

484 3373 743 3429 bebantur
783 3378 1003 3431 testibus
1045 3379 1318 3431 codicibus
1363 3395 1459 3432 sen
1511 3382 1750 3434 codicum
1791 3383 2100 3451 fragmentis
2126 3383 2289 3448 ⁸illius
2331 3383 2522 3434 aetatis
2568 3382 2742 3433 adhuc
2792 3383 2850 3433 in
2891 3379 3226 3433 bibliothecis
3271 3380 3574 3432 Prussianis
3618 3379 3946 3432 exstantibus
3998 3381 4089 3432 vel

485 3460 672 3514 saltem
706 3464 874 3516 titulis
910 3464 1150 3516 codicum
1186 3466 1565 3531 depertitorum
1597 3470 1654 3520 iu
1687 3471 1956 3522 veteribus
1989 3469 2245 3521 librorum
2278 3469 2539 3534 catalogis
2570 3466 2985 3531 occurrentibus,
3017 3468 3074 3517 in
3111 3482 3332 3533 quornm
3367 3481 3583 3518 numero
3621 3465 3724 3516 fuit
3763 3467 4089 3534 (Begimonti

483 3559 619 3596 anno
656 3544 812 3613 1434)
850 3546 879 3601 1
905 3548 1034 3602 bisch
1065 3568 1169 3603 von
1201 3568 1384 3604 men
1415 3552 1603 3606 limen
1635 3555 1844 3607 11111111οᾱ
1886 3562 1964 3620 et,
2007 3554 2063 3606 id
2114 3553 2256 3622 quod
2303 3554 2520 3621 maJoris
2568 3554 2820 3606 momenti
2861 3552 3014 3605 uobis
3051 3566 3169 3604 esse
3203 3552 3436 3616 videtur,
3485 3550 3803 3614 (Osterodae
3837 3568 3887 3605 a.
3927 3550 4087 3619 1437)

484 3628 517 3681 3
540 3629 726 3683 111101101-
755 3651 913 3687 unser
940 3637 1183 3702 frauwen
1215 3637 1487 3698 bombast.-
1517 3656 1568 3694 ν,
1594 3641 2063 3709 Steffenhagennm
2097 3642 2153 3692 in
2186 3641 2412 3707 Hauptii
2445 3634 2877 3706 00110111.13,569
2895 3654 2974 3706 sq.
3008 3638 3290 3691 fueruntne
3323 3638 3551 3689 fortasse
3582 3637 3640 3689 hi
3675 3644 3785 3689 tres
3820 3638 3943 3689 libri
3977 3639 4088 3689 tria

482 3716 578 3769 illa
611 3718 891 3773 Wernberi
922 3726 1178 3788 poematis
1213 3726 1480 3777 carmina?
1522 3727 1693 3794 puoch
1725 3735 1984 3780 vocantur
2027 3742 2239 3794 qnoque
2284 3726 2380 3778 illa
2424 3727 2661 3778 carmina
2709 3726 2770 3776 in
2800 3724 3076 3777 Peitaukii
3126 3724 3307 3777 codice
3344 3724 3742 3777 vindobonensi
3777 3719 3933 3777 4889.
3993 3723 4088 3776 sed

485 3804 751 3856 mittamus
786 3808 1135 3873 conjecturas.
1190 3816 1402 3878 praeter
1441 3828 1509 3865 ea
1552 3828 1691 3879 quae
1724 3813 2073 3866 indicarimus
2108 3813 2389 3865 Wernheri
2420 3812 2721 3877 fragmenta
2754 3815 2965 3862 exstant
2999 3808 3229 3876 denique
3261 3809 3601 3878 Augustam,
3657 3809 3763 3861 fine
3798 3826 3904 3862 sec.
3931 3805 3995 3862 12
4027 3815 4087 3862 ut

484 3888 690 3942 videtur
724 3895 950 3960 scripta,
991 3912 1026 3948 a
1058 3897 1261 3950 Bened.
1285 3898 1503 3950 Greiffio
1548 3913 1718 3965 nuper
1760 3905 1968 3966 reperta
2013 3904 2068 3953 et
2114 3901 2168 3950 in
2202 3898 2438 3952 Pt'eifferi
2473 3897 2758 3949 Germania
2781 3896 2811 3946 7
2847 3892 3049 3958 (1802),
3086 3893 3189 3947 305
3212 3911 3328 3963 sqq.
3365 3895 3523 3948 edita.
3576 3897 3798 3962 primam
3832 3897 4082 3948 carminis

482 3976 700 4029 formam
735 3994 770 4030 a
803 3987 961 4045 poeta
992 3982 1108 4047 ipso
1142 3988 1452 4049 conceptam
1485 3985 1746 4052 integram
1781 4000 1890 4036 non
1923 3985 2196 4040 habemus.
2250 3987 2342 4052 qui
2374 3984 2761 4037 contenderunt
2792 3982 2951 4048 liujus
2985 3981 3185 4047 primae
3222 3982 3542 4033 recensionis
3577 3996 3695 4033 esse
3727 3982 4084 4048 fragmentum

481 4060 803 4116 Monacense
836 4065 1042 4117 Doceni
1076 4068 1447 4132 (Hoffmannus
1468 4070 1504 4122 1.
1529 4087 1573 4123 0.
1603 4068 1654 4134 2,
1682 4069 1800 4136 145,
1832 4071 2206 4124 Lachmannus
2239 4072 2295 4122 111
2317 4070 2509 4123 Bhein.
2531 4069 2670 4121 Mus.
2694 4069 2780 4119 fflr
2800 4066 2995 4121 Philol.
3014 4063 3069 4130 3,
3088 4062 3212 4128 426,
3247 4067 3698 4134 Wackernagelus
3723 4068 3759 4118 1.
3785 4084 3833 4118 c.
3854 4062 3976 4130 161,
3994 4062 4084 4129 36,

485 4148 792 4201 Barmchius
826 4152 881 4201 111
902 4151 1137 4206 Pseifferi
1160 4154 1333 4209 Germ.
1358 4152 1410 4217 0,
1435 4153 1553 4221 117,
1572 4157 1822 4210 Greiffius
1844 4157 1918 4209 ib.
1945 4155 1997 4223 7,
2023 4155 2121 4210 311
2143 4159 2251 4224 sq.)
2286 4155 2549 4209 confutari
2578 4170 2687 4206 non
2721 4160 2967 4220 possuntg
3003 4169 3105 4222 ego
3141 4169 3353 4221 quoque
3387 4154 3511 4206 huic
3544 4155 3840 4204 sententiae
3862 4152 4079 4205 accedo.

483 4250 608 4301 ergo
647 4235 771 4286 dum
804 4237 863 4288 in
898 4253 964 4289 ea
994 4254 1055 4290 re
1089 4242 1423 4294 consentiunt
1454 4242 1556 4294 viri
1592 4242 1734 4294 docti
1766 4243 1880 4294 fere
1915 4259 2114 4307 omnes,
2149 4241 2216 4294 de
2250 4243 2454 4294 ratione
2489 4256 2630 4307 qnae
2661 4241 2940 4292 intercedit
2984 4242 3120 4292 inter
3153 4240 3289 4291 alios
3327 4239 3539 4289 codices
3574 4239 3664 4303 qui
3707 4237 3847 4289 hanc
3879 4252 3992 4289 reni
4024 4238 4084 4288 111

483 4322 911 4388 disceptationem
929 4333 1254 4390 vocaverunt
1284 4334 1361 4382 (et
1375 4328 1688 4385 Feifalikius
1710 4330 1748 4382 1.
1773 4344 1818 4380 c.
1843 4328 1978 4380 xm
1997 4345 2077 4395 sq.
2107 4335 2164 4380 et
2180 4327 2490 4381 Bartschins
2513 4329 2568 4379 in
2588 4324 2820 4377 Pfeifferi
2852 4325 3029 4381 Germ.
3045 4322 3098 4389 0,
3118 4323 3217 4378 117
3237 4341 3315 4391 sq.
3349 4331 3403 4376 et
3425 4322 3671 4375 Greiffius
3694 4322 3764 4376 ib.
3787 4321 3834 4387 7,
3855 4319 3953 4375 311
3978 4327 4086 4389 sq.)

485 4409 623 4459 inter
654 4424 711 4460 se
747 4407 1059 4462 dissentiunt
1101 4417 1155 4464 et
1187 4428 1369 4466 omues
1418 4431 1453 4466 a
1495 4430 1624 4467 vero
1670 4415 1787 4481 plus
1824 4417 2066 4466 minusve
2100 4415 2349 4467 aberrare
2394 4414 2521 4465 mihi
2554 4412 2816 4464 videntur.
2871 4427 2957 4464 res
2999 4416 3062 4463 ut
3107 4411 3351 4477 equidem
3400 4424 3590 4460 censeo
3640 4413 3723 4461 est
3771 4408 3924 4462 haec.
3974 4414 4081 4461 tres

482 4497 725 4547 carminis
760 4498 1092 4549 recensiones
1126 4499 1443 4564 principales
1479 4507 1602 4553 sunt
1633 4499 2029 4553 discernendae.
2079 4502 2250 4568 prima
2284 4506 2365 4553 est
2396 4505 2586 4566 poetae
2619 4499 2790 4565 ipsius
2826 4499 3065 4549 recensio
3099 4511 3149 4548 a.
3176 4493 3308 4549 1172
3344 4495 3660 4560 composita,
3719 4494 3872 4560 cujus
3908 4510 4086 4546 exem·

481 4581 624 4646 plum
662 4587 833 4634 exstat
866 4581 921 4633 in
954 4582 1251 4658 fragmento
1285 4584 1591 4638 Monacensi
1624 4587 1845 4640 Doceni.
1898 4601 1963 4637 ex
2009 4585 2113 4637 hac
2159 4586 2327 4652 prima
2360 4587 2604 4638 carminis
2652 4584 2820 4635 forma
2865 4583 3015 4634 fluxit
3056 4582 3227 4633 altera
3270 4580 3507 4631 recensio
3558 4580 3716 4647 paulo
3762 4586 3883 4646 post
3923 4581 4081 4642 facta,

483 4682 624 4734 quae
658 4668 897 4732 pertibus
932 4668 1130 4735 aliquot
1164 4671 1390 4721 maxime
1423 4672 1492 4722 ad
1527 4672 1913 4725 ecclesiasticas
1945 4671 2090 4723 illius
2124 4672 2372 4737 temporis
2407 4686 2494 4723 res
2529 4672 2889 4738 spectantibus
2924 4668 3135 4721 omissis
3170 4673 3225 4719 et
3259 4666 3370 4718 stili
3406 4665 3724 4731 explanandi
3757 4671 3813 4717 et
3834 4681 4084 4717 versuum

481 4753 957 4821 componendorum
1004 4761 1059 4807 et
1092 4757 1550 4808 consonantiarum
1592 4758 1824 4810 finalium
1877 4755 2129 4809 mediocri
2180 4764 2387 4809 tantum
2440 4764 2554 4810 arte
2598 4760 2861 4811 rationem
2902 4752 3164 4823 quandam
3209 4753 3409 4804 habuit.
3478 4751 3610 4803 haec
3672 4753 3909 4803 recensio
3962 4759 4083 4819 post

485 4857 678 4892 annum
704 4836 841 4894 1190
875 4841 1018 4892 facta
1051 4858 1168 4894 esse
1200 4843 1407 4908 nequit:
1442 4844 1559 4894 veri
1592 4844 1762 4895 simile
1796 4844 1922 4894 mihi
1956 4843 2167 4896 videtur
2203 4844 2362 4894 etiam
2407 4851 2530 4895 ante
2565 4859 2763 4896 annum
2787 4838 2926 4896 1180
2959 4855 3079 4893 eam
3111 4839 3395 4891 exstitisse.
3459 4837 3714 4889 habemus
3750 4854 3867 4890 eam
3903 4839 4081 4891 adhuc

484 4930 741 4992 integram
775 4927 829 4976 in
866 4926 1048 4978 codice
1081 4928 1429 4980 Berolinensi.
1488 4943 1591 4979 non
1628 4946 1693 4980 ex
1728 4930 1828 4980 hac
1861 4930 2099 4981 secunda
2133 4913 2436 4981 recensione
2481 4929 2575 4981 sed
2621 4945 2688 4980 ex
2729 4930 2900 4995 prima
2939 4929 3058 4993 ipsa
3109 4927 3273 4982 (inter
3307 4940 3476 4976 annos
3498 4921 3636 4977 1180
3672 4930 3725 4976 et
3750 4921 3886 4979 1190
3923 4931 4078 4991 puto)

483 5013 592 5063 alia
625 5013 772 5065 fluxit
804 5014 1001 5084 maJore
1033 5014 1235 5081 ingenii
1269 5018 1322 5064 et
1356 5014 1485 5065 artis
1519 5014 1791 5067 habilitate
1828 5023 1880 5067 et
1915 5015 2228 5069 dexteritate
2261 5014 2433 5076 facta,
2484 5030 2590 5081 qua
2625 5015 2755 5066 locis
2789 5014 2896 5066 illis
2929 5028 3035 5065 non
3064 5012 3274 5063 omissis
3310 5011 3547 5076 inprimis
3582 5012 3836 5063 orationis
3873 5017 3926 5063 et
3957 5027 4083 5063 ver·

483 5113 630 5149 suum
675 5101 1116 5165 explanandornm
1161 5102 1295 5151 ratio
1336 5099 1656 5153 habebatur:
1715 5101 1866 5167 cujus
1908 5102 2232 5154 recensionis
2275 5101 2575 5167 exemplum
2624 5100 2879 5165 praebent
2919 5099 3218 5166 fragmenta
3249 5099 3570 5164 Augustana
3620 5096 3816 5148 Greilii.
3885 5101 3941 5150 in
3974 5099 4078 5149 hac

485 5186 639 5236 tertia
674 5189 977 5239 recensione
1011 5194 1258 5254 tanquam
1298 5188 1354 5237 in
1388 5182 1722 5239 fundamento
1758 5189 1915 5251 positi
1951 5193 2075 5240 sunt
2108 5187 2301 5253 reliqui
2347 5189 2436 5252 qui
2472 5186 2646 5238 adhuc
2681 5190 2887 5238 exstant
2918 5189 3108 5237 textus.
3162 5189 3439 5250 tantopere
3462 5184 3599 5235 enim
3624 5198 3836 5235 carmen
3860 5184 4061 5251 placuit
