5242 6280
1126 896 1545 952 Tischendorlius
1579 896 1718 948 bunc
1751 895 1939 948 librum
1962 893 2438 947 Pseudo-Matthaei
2468 893 2780 961 evanqelimn
2813 893 3123 960 appellavit:
3157 910 3208 947 v.
3233 897 3433 965 proleg.
3467 897 3534 949 ad
3571 912 3758 963 evang.
3795 911 3972 964 apocr.
4005 914 4057 964 p.
4074 897 4222 949 XXX
4260 912 4372 964 sqq.
4426 896 4567 948 baud
4600 898 4711 948 scio

1125 1001 1193 1037 an
1229 985 1397 1036 minus
1432 990 1574 1035 recte
1615 982 1798 1032 fecerit
1839 982 1921 1033 vir
1955 982 2287 1035 clarissimus.
2344 982 2539 1033 rectius
2573 980 2811 1042 fecisset,
2863 985 2923 1031 ut
2956 980 3081 1031 mihi
3117 981 3326 1045 quidem
3358 982 3565 1033 videtur
3584 1018 3597 1044 ,
3649 984 3695 1033 si
3739 981 3882 1034 bunc
3929 983 4132 1035 titulum
4179 985 4342 1050 priori
4387 983 4544 1049 hujus
4589 982 4711 1034 libri

1068 1055 1078 1067 ’
1126 1071 1279 1137 parti,
1315 1069 1483 1121 eidem
1512 1069 1577 1120 de
1600 1082 1702 1133 quo
1725 1066 1824 1119 sub
1847 1066 1904 1118 11
1929 1066 2321 1134 disputavimus.
2356 1065 2601 1128 dedisset,
2638 1067 2991 1131 posteriorem
3012 1073 3214 1132 partem
3246 1069 3315 1127 (si
3345 1073 3490 1121 recte
3523 1069 3861 1135 conjecimus,
3896 1069 4159 1133 integrum
4194 1069 4346 1120 illum
4371 1069 4562 1120 librum
4586 1083 4711 1119 con·

1126 1158 1398 1218 tinentem,
1433 1155 1501 1206 de
1535 1168 1637 1220 quo
1673 1152 1826 1205 modo
1861 1153 1958 1205 sub
1994 1154 2070 1206 vt
2106 1150 2330 1221 egimus)
2365 1150 2713 1217 appendicem
2747 1151 3017 1216 aliquanto
3053 1157 3172 1216 post
3205 1153 3466 1220 adjectam
3502 1154 3795 1213 habuisset.
3847 1158 4049 1211 textum
4095 1169 4300 1220 quoque
4344 1153 4501 1220 bujus
4536 1159 4709 1221 poste·

1128 1243 1280 1294 rioris
1314 1240 1477 1309 partis
1500 1239 1812 1291 Vaticanum
1846 1238 2025 1290 multis
2058 1239 2190 1290 locis
2214 1238 2557 1303 depravatum
2588 1252 2707 1289 esse
2742 1241 2798 1287 et
2818 1236 3130 1287 lectionibus
3152 1238 3465 1291 Parisiensis
3488 1242 3724 1305 superari
3760 1255 3795 1291 a
3818 1238 4216 1292 Tiscbendorfio
4245 1242 4359 1307 ipso
4383 1243 4439 1292 in
4474 1240 4607 1307 prol.
4640 1239 4708 1290 ad

1125 1343 1273 1393 apoc.
1299 1341 1472 1393 apocr.
1495 1340 1547 1391 p.
1563 1324 1742 1376 LVIII
1765 1340 1878 1392 sqq.
1916 1323 2233 1378 conceditur.
2286 1322 2542 1374 meliusne
2576 1327 2754 1374 actum
2787 1322 2886 1373 fuit
2900 1323 3253 1376 Parisiensem
3275 1327 3498 1377 maxime
3522 1327 3672 1391 sequi
3696 1341 3921 1392 eumque
3943 1324 4261 1390 reliquorum
4284 1340 4384 1391 ope
4406 1326 4708 1393 corrigere?

1329 1411 1475 1463 VIII.
1529 1404 1769 1464 Historia
1800 1402 2024 1478 «108ορ111
2058 1403 2205 1463 fabri
2238 1403 2494 1476 lignarii,
2541 1410 2597 1460 in
2631 1408 2874 1475 Aegypto
2913 1423 3016 1461 sec.
3050 1407 3158 1458 fere
3193 1416 3377 1475 quarto
3411 1416 3473 1463 ut
3504 1410 3713 1463 videtur
3748 1412 3951 1477 coptice
3986 1411 4277 1475 composita
4300 1411 4581 1469 (exsistunt
4615 1410 4708 1462 ad·

1125 1498 1228 1549 buc
1263 1498 1471 1550 codices
1504 1496 1660 1562 bujus
1696 1495 1819 1547 libri
1853 1496 2046 1560 coptici
2089 1500 2141 1546 et
2177 1492 2386 1561 quidem
2420 1500 2641 1560 utraque
2676 1492 2903 1545 dialecto
2949 1499 3001 1545 et
3033 1493 3374 1560 Memphitica
3421 1501 3475 1547 et
3510 1495 3758 1547 Sabidica
3808 1495 4145 1561 conscripti),
4199 1494 4387 1546 deinde
4429 1510 4460 1545 e
4500 1496 4709 1562 coptica

1123 1583 1323 1650 lingua,
1358 1597 1477 1635 cum
1512 1580 1816 1634 abolescere
1851 1581 2092 1646 cepisset,
2124 1581 2182 1630 in
2216 1579 2484 1631 arabicam
2517 1594 2688 1631 versa.
2742 1580 2886 1631 edita
2918 1585 3001 1631 est
3031 1580 3247 1631 arabice
3290 1595 3321 1631 e
3355 1581 3470 1633 cod.
3504 1582 3673 1634 Paris.
3708 1597 3759 1632 a.
3780 1577 3917 1636 1299
3965 1581 4022 1630 in
4056 1579 4305 1647 Aegypto
4351 1585 4562 1632 exarato
4606 1595 4707 1632 nec

1123 1684 1229 1720 non
1264 1670 1505 1721 versione
1537 1655 1704 1719 latina
1737 1668 1978 1733 notisque
2011 1665 2274 1717 illustrata
2306 1682 2341 1717 a
2372 1664 2436 1719 G.
2462 1665 2690 1716 Wallino
2728 1666 2873 1732 Lips.
2899 1662 3053 1718 1722.
3089 1668 3310 1732 repetita
3344 1673 3427 1718 est
3459 1670 3631 1719 versio
3667 1668 3834 1720 latina
3869 1683 3904 1719 a
3935 1667 4182 1718 Fabricio
4229 1668 4286 1717 in
4311 1665 4427 1718 cod.
4449 1672 4554 1717 vet.
4586 1671 4706 1720 test.

1122 1753 1489 1822 pseudoepigr.
1512 1749 1563 1817 2,
1587 1748 1877 1808 309-336.
1912 1749 2102 1802 deinde
2122 1755 2323 1802 textum
2345 1749 2613 1801 arabicum
2638 1755 2692 1802 et
2711 1751 3195 1817 interpretationem
3216 1752 3432 1804 latinam
3455 1753 3521 1804 ab
3540 1754 3689 1806 Aem.
3711 1754 4008 1818 Roedioeero
4030 1753 4226 1818 passim
4251 1751 4494 1802 restituta
4518 1755 4571 1801 et
4592 1765 4705 1801 cor·

1120 1845 1267 1892 recta
1303 1839 1466 1892 edidit
1498 1839 1651 1890 Thilo
1687 1837 1722 1889 l.
1760 1853 1807 1890 c.
1842 1854 1894 1903 p.
1929 1832 2111 1889 1-61.
2162 1838 2644 1903 interpretationem
2679 1836 2780 1889 boc
2804 1838 2957 1889 modo
2982 1843 3269 1889 correctam
3293 1842 3464 1904 nuper
3491 1842 3737 1905 repetivit
3758 1837 4187 1891 Tiscbendorfius
4221 1838 4276 1887 in
4301 1852 4492 1903 evang.
4518 1851 4704 1901 apocr.

1125 1922 1487 1991 ρ.115-133.
1554 1924 1706 1975 Haec
1739 1922 1958 1975 historia
1990 1921 2213 1989 Josepbi
2255 1928 2376 1988 post
2411 1923 2623 1974 brevem
2668 1929 2722 1974 et
2754 1925 3194 1991 simplicissimam
3241 1939 3420 1975 eorum
3466 1939 3604 1990 quae
3646 1926 3700 1975 in
3754 1925 3888 1977 libro
3931 1924 4188 1975 infantiae
4232 1922 4339 1973 late
4381 1929 4437 1974 et
4479 1922 4706 1973 verbose

1122 2011 1488 2063 describuntur
1522 2009 1832 2062 relationem
1865 2008 1934 2073 (c.
1956 2006 2114 2064 1-9›
2149 2009 2259 2060 fere
2292 2012 2405 2061 tota
2436 2013 2677 2060 versatur
2718 2011 2775 2061 in
2810 2009 3103 2063 enarrando
3139 2012 3283 2062 exitu
3317 2011 3460 2062 vitae
3495 2011 3720 2077 Josepbi
3758 2012 3927 2073 senis,
3976 2009 4089 2075 ejus
4138 2014 4300 2059 morte
4345 2013 4401 2059 et
4432 2007 4617 2059 funere
4652 2012 4707 2058 et

1123 2111 1254 2162 quas
1290 2100 1465 2162 partes
1509 2097 1567 2146 in
1600 2096 1682 2147 his
1725 2095 1880 2145 rebus
1917 2094 2085 2162 egerit
2116 2094 2277 2146 Jesns
2313 2095 2386 2153 (c.
2408 2090 2675 2151 1⁰—30›:
2723 2111 2861 2163 quae
2906 2097 3080 2148 omnia
3114 2096 3430 2147 salvatorem
3477 2097 3653 2162 ipsum
3685 2095 3953 2163 discipulis
3987 2098 4284 2147 narrantem
4330 2091 4463 2143 facit
4497 2097 4702 2149 auctor.

1120 2179 1257 2231 Vide
1292 2195 1425 2246 quae
1460 2182 1515 2231 in
1548 2180 1754 2247 proleg.
1789 2193 2008 2246 operum
2042 2179 2376 2233 laudatorum
2409 2194 2442 2230 a
2475 2178 2701 2233 'Philone
2735 2198 2787 2248 p.
2814 2182 2911 2234 XV
2929 2181 3171 2233 -xxvl
3216 2187 3270 2232 et
3302 2197 3337 2233 a
3366 2181 3760 2235 Tiscbendorflo
3809 2198 3862 2249 p.
3890 2177 4488 2234 xxxlv—xxxvm
4525 2178 4702 2245 dispu-

1121 2271 1232 2318 tata
1267 2270 1404 2317 sunt.

1120 2469 1358 2584 Horum
1395 2535 1708 2600 scriptorum
1740 2535 2155 2603 apocryphorum
2199 2550 2353 2588 nsum
2394 2551 2488 2602 per
2521 2541 2685 2588 totum
2720 2538 2943 2590 medium
2981 2553 3173 2590 aevum
3219 2537 3357 2604 apud
3402 2543 3588 2605 poetas
3635 2543 3688 2589 et
3721 2536 4005 2590 orientales
4059 2541 4117 2588 et
4150 2535 4502 2588 occidentales
4535 2534 4699 2588 fuisse

1120 2614 1449 2670 latissimum
1484 2636 1591 2672 non
1627 2620 1912 2684 miraberis,
1947 2620 2041 2672 sed
2075 2619 2143 2672 ad
2179 2621 2234 2673 id
2269 2623 2499 2673 animum
2534 2622 2775 2674 attendas
2811 2630 3084 2690 poetarum
3120 2639 3328 2691 qnoque
3361 2624 3569 2676 illorum
3604 2622 3885 2675 nonnullos
3928 2622 4019 2689 qui
4052 2622 4108 2673 in
4144 2622 4459 2674 carminibus
4493 2636 4703 2687 compo·

1118 2702 1307 2756 nendis
1354 2720 1419 2758 ea
1452 2707 1602 2772 sequi
1629 2692 1814 2759 'solent
1859 2720 1994 2773 quae
2041 2706 2110 2758 ab
2147 2708 2488 2775 evangelistis
2541 2714 2595 2761 et
2637 2709 2890 2775 apostolis
2933 2726 3218 2777 eorumque
3262 2709 3641 2777 probatissimis
3690 2708 3947 2762 ecclesiae
3991 2708 4362 2774 interpretibus
4406 2705 4701 2768 traduntur,

1114 2794 1292 2842 tamen
1323 2792 1521 2856 passim
1553 2806 1660 2843 non
1693 2793 1975 2846 abhorrere
2009 2809 2044 2844 a
2074 2793 2328 2852 librorum
2361 2795 2780 2863 apocryphorum
2814 2796 3027 2861 fabulis,
3061 2801 3121 2848 ut
3154 2795 3414 2848 Otfridum
3462 2794 3535 2861 (v.
3559 2794 3698 2847 infra
3733 2795 3910 2848 adnot.
3935 2789 4038 2847 136
4073 2799 4128 2845 et
4148 2789 4255 2844 206
4291 2808 4342 2858 p.
4361 2789 4432 2845 32
4465 2808 4517 2858 p.
4540 2793 4701 2853 med.)

1120 2880 1175 2926 et
1206 2881 1477 2929 auctorem
1508 2879 1751 2930 carminis
1799 2880 2036 2930 saxonici
2078 2879 2221 2946 qnod
2255 2880 2485 2932 Heliand
2523 2887 2745 2933 vocatur
2791 2883 2865 2947 (v.
2898 2882 3076 2936 adnot.
3105 2877 3213 2934 206
3257 2897 3308 2948 p.
3335 2879 3403 2935 33
3422 2880 3525 2947 sq)
3569 2896 3672 2932 nec
3715 2896 3822 2932 non
3868 2879 4224 2946 Cynevnlfum
4267 2882 4476 2944 poetam
4520 2879 4702 2946 anglo·

1118 2962 1437 3027 saxonicum,
1471 2965 1560 3029 qui
1596 2978 1730 3030 quae
1763 2964 1927 3016 verba
1957 2964 2252 3031 Josepbum
2283 2968 2339 3017 in
2372 2966 2596 3018 Mariam
2631 2967 2903 3034 gravidam
2939 2967 3180 3022 edentem
3214 2968 3343 3019 facit
3376 2966 3540 3033 (apud
3578 2967 3850 3018 Greinium
3877 2963 3923 3029 1,
3952 2963 4070 3030 154,
4095 2962 4198 3018 185
4223 2967 4365 3030 sqq.)
4398 2963 4444 3014 is
4464 2962 4569 3015 that
4589 2963 4702 3015 vide

1117 3046 1249 3097 eedh
1295 3046 1402 3099 that
1444 3048 1491 3100 ic
1532 3051 1595 3114 of
1626 3049 1766 3101 tham
1806 3050 2011 3102 tor-Mon
2051 3051 2229 3118 temple
2270 3051 2513 3119 dryhtnes
2555 3052 2741 3119 anseny
2772 3050 2978 3118 sredltee
3007 3055 3221 3118 temam
3249 3054 3386 3105 olene
3417 3070 3613 3105 vomma
3645 3053 3782 3104 ledse
3815 3068 3881 3105 ex
3917 3051 4222 3118 apocrypha
4257 3049 4371 3116 ejus
4405 3050 4485 3102 rei
4519 3065 4699 3102 narra-

1119 3133 1265 3186 tione
1298 3136 1544 3202 sumpsit3
1587 3134 1846 3203 quadrare
1880 3138 2021 3189 enim
2065 3137 2135 3189 ad
2167 3137 2264 3190 illa
2297 3138 2682 3206 protevangelii
2714 3139 2904 3191 Jacobi
2939 3156 2984 3195 c.
3003 3137 3069 3193 13
3105 3152 3213 3208 (ap.
3249 3139 3486 3194 Tischdf.
3520 3139 3559 3192 l.
3596 3155 3643 3191 c.
3678 3157 3728 3205 p.
3752 3136 3847 3195 25)
3880 3136 4161 3206 παρθένον
4196 3135 4504 3204 παρέλαβον
4539 3130 4699 3201 αὐτὴν

1129 3218 1187 3269 ἐκ
1223 3216 1361 3272 ναοῦ
1391 3222 1580 3289 κυρίου
1614 3237 1768 3275 nemo
1802 3238 1909 3275 non
1941 3222 2103 3275 videt.
2138 3224 2232 3282 (cf.
2265 3225 2388 3277 libri
2422 3225 2491 3276 de
2523 3224 2618 3276 inf.
2652 3240 2699 3277 c.
2721 3221 2802 3288 10,
2837 3225 2978 3277 infra
3008 3241 3064 3292 p.
3083 3221 3194 3281 23.)

1317 3306 1518 3359 Poetae
1553 3308 1644 3374 qui
1675 3309 1732 3359 in
1766 3308 2052 3361 Germania
2084 3311 2242 3363 medii
2273 3312 2394 3363 aevi
2427 3311 2744 3377 temporibus
2788 3312 2848 3362 in
2881 3311 3255 3377 componendis
3289 3311 3608 3362 carminibus
3652 3311 3841 3362 imitati
3886 3315 4011 3361 sunt
4051 3309 4216 3362 libros
4249 3308 4579 3376 apocryphos
4613 3310 4692 3360 in·

1129 3390 1348 3443 fantiam
1384 3392 1587 3444 Mariae
1619 3398 1673 3445 et
1704 3394 1867 3447 Jesus
1900 3400 2185 3448 tractantes
2219 3402 2342 3448 sunt
2374 3396 2482 3447 fere
2515 3396 2589 3449 hi.

1322 3477 1502 3529 Prima
1534 3494 1653 3531 esse
1685 3480 1892 3533 videtur
1924 3481 2136 3534 Hrods
2149 3482 2335 3534 vitba
2372 3481 2726 3546 (Hrotsvitba‚
2761 3483 3069 3546 Hrosvitba‚
3103 3482 3391 3547 Bosvitba3
3436 3482 3714 3533 verissima
3747 3482 3917 3533 forma
3948 3481 4199 3532 saxonica
4236 3485 4321 3534 est
4355 3479 4702 3533 Hrotbsvitba

1119 3562 1206 3614 vel
1240 3562 1573 3629 Hrdtbsvitb)
1606 3567 1853 3619 monialis
1887 3566 2431 3631 Gaudersbeimensis,
2485 3583 2621 3634 quae
2654 3570 2826 3620 medio
2860 3569 2971 3621 fere
3003 3569 3185 3621 seculo
3221 3568 3420 3621 decimo
3463 3567 3681 3631 (obiisse
3715 3566 3881 3625 fertur
3915 3580 4054 3617 anno
4087 3561 4215 3629 984)
4265 3568 4504 3619 versibus
4538 3567 4703 3618 hexa-

1122 3649 1306 3700 metris
1341 3646 1562 3701 leoninis
1585 3650 1853 3705 historiam
1889 3652 1973 3705 dei
2008 3655 2275 3721 genitricis
2294 3653 2366 3719 (v.
2390 3670 2552 3721 supra
2572 3655 2672 3706 sub
2693 3654 2768 3711 ΙΙ)
2801 3656 3121 3721 composuitz
3157 3659 3240 3706 est
3271 3655 3372 3706 hoc
3408 3669 3620 3705 carmen
3653 3652 3711 3703 in
3747 3652 3875 3703 edit.
3912 3652 4072 3716 princ.
4102 3666 4324 3718 operum
4349 3650 4703 3704 Hrodsvitbae

1120 3734 1375 3798 (Norimb.
1395 3733 1554 3796 1501)
1587 3735 1678 3790 fol.
1703 3734 1996 3791 d3r.—e5r.
2050 3753 2216 3804 nuper
2259 3739 2466 3806 quidem
2511 3740 2650 3791 banc
2682 3742 2932 3806 poetriam
2981 3755 3087 3792 non
3121 3740 3286 3792 fuisse
3321 3740 3541 3806 ejusque
3592 3754 3729 3804 quae
3766 3736 4113 3789 credebantur
4148 3752 4324 3803 opera
4357 3738 4702 3803 suppositicia

1119 3834 1255 3883 csse,
1288 3835 1323 3871 a
1357 3819 1599 3872 Conrado
1634 3821 1783 3875 Oelte
1814 3829 1972 3891 poeta
2005 3825 2243 3876 laureato
2279 3830 2332 3876 et
2365 3825 2478 3891 ejus
2512 3827 2696 3877 amicis
2719 3826 2887 3878 seculi
2913 3823 2978 3879 15
3015 3826 3271 3879 decennio
3304 3826 3487 3877 ultimo
3520 3824 3661 3888 ficta,
3696 3840 3731 3876 a
3750 3824 3865 3876 Jos.
3887 3821 4225 3875 Aschbachio
4258 3824 4372 3874 viro
4409 3822 4699 3874 clarissimo

1124 3910 1425 3957 contentum
1471 3912 1553 3958 est
1591 3907 1670 3969 (in
1700 3908 1838 3962 libro
1870 3910 2144 3964 Bomitba
2189 3910 2297 3962 nnd
2332 3911 2542 3963 Conrad
2577 3911 2753 3963 Celtes
2769 3948 2782 3974 ‚
2827 3911 2986 3963 Wien
3010 3908 3173 3975 1867,
3220 3913 3346 3964 edit.
3368 3908 3403 3963 2
3435 3910 3561 3965 ibid.
3591 3907 3748 3971 1868)
3796 3910 4118 3977 argumentis
4161 3908 4353 3973 partim
4395 3922 4504 3959 non
4545 3907 4705 3973 plane

1117 3990 1420 4056 spernendis
1460 3993 1650 4057 partim
1692 4010 1817 4046 vero
1860 3996 2031 4050 falsis.
2082 3999 2239 4049 etiam
2280 4012 2377 4049 nos
2412 3997 2673 4064 quaedam
2707 3997 3066 4062 offenderunt,
3113 3997 3180 4049 de
3216 3999 3409 4064 quibus
3443 3998 3584 4049 infra
3617 3998 3673 4047 in
3706 3996 3884 4048 adnot.
3909 3992 3978 4048 69
4015 3994 4411 4062 disputavimus.
4469 3998 4701 4045 ceterum

1119 4090 1302 4141 causa,
1336 4083 1398 4128 ut
1430 4078 1554 4129 mibi
1591 4079 1799 4147 quidem
1833 4081 2055 4145 videtur,
2088 4085 2193 4136 nisi
2225 4085 2621 4137 accuratissimo
2654 4084 2849 4136 codicis
2884 4086 3123 4136 examine
3155 4085 3337 4137 habito
3371 4083 3586 4135 decerni
3618 4098 3726 4134 non
3759 4086 3947 4148 potest.
3994 4079 4134 4146 quod
4171 4078 4340 4131 donec
4372 4078 4570 4130 factum
4603 4084 4699 4140 est,

1121 4177 1154 4213 a
1187 4165 1452 4215 communi
1485 4165 1715 4217 virorum
1749 4164 2019 4219 doctorum
2053 4172 2315 4221 sententia
2350 4170 2619 4223 discedere
2654 4186 2762 4222 non
2795 4184 3074 4236 possumus
3148 4175 3329 4222 secuta
3364 4174 3449 4221 est
3482 4170 3686 4235 poetria
3717 4169 3773 4218 in
3806 4167 4037 4218 carmine
4069 4165 4163 4216 illo
4198 4164 4560 4232 componendo
4595 4179 4703 4216 non

1118 4250 1568 4318 protevangelium
1600 4252 1807 4318 Jacobi,
1841 4259 1901 4305 ut
1932 4254 2045 4307 vult
2075 4254 2439 4307 Ascbbacbius
2474 4272 2528 4323 p.
2558 4254 2624 4309 17
2656 4253 2771 4320 (19)
2808 4255 2930 4308 adn.
2964 4256 3017 4320 2,
3051 4260 3213 4323 (quae
3247 4254 3540 4307 Baraclrius
3574 4260 3790 4307 censeat
3821 4254 4109 4314 nescimus,
4162 4252 4288 4317 quia
4330 4251 4444 4317 ejus
4489 4264 4702 4316 operum

1118 4334 1478 4388 Hrodsvitbae
1512 4337 1672 4390 editio
1704 4341 1761 4391 in
1794 4341 2034 4392 manibus
2069 4342 2219 4393 nobis
2253 4357 2359 4394 non
2394 4347 2515 4405 est),
2550 4342 2648 4394 sed
2681 4347 2870 4395 secuta
2903 4347 2988 4395 est
3019 4341 3211 4394 librum
3244 4342 3497 4394 infantiae
3531 4357 3683 4408 quem
3718 4341 3805 4392 bie
3839 4338 4128 4391 edidimus:
4164 4354 4213 4388 v.
4258 4337 4397 4389 infra
4419 4337 4597 4389 adnot.
4614 4332 4699 4388 29.

1117 4417 1250 4472 680..
1283 4417 1370 4473 89.
1402 4418 1489 4476 97.
1525 4420 1644 4477 103.
1682 4422 1800 4478 114.
1837 4424 1954 4480 117.
1992 4422 2111 4479 120.
2150 4422 2266 4482 136.
2304 4422 2422 4481 166.
2463 4422 2579 4483 169.
2617 4426 2735 4482 171.
2775 4427 2892 4482 185.
2929 4424 3032 4481 204
3079 4429 3181 4494 (=:
3212 4429 3328 4480 Luc
3374 4429 3450 4483 2).
3486 4424 3587 4482 219
3629 4431 3733 4486 (τ’.
3768 4426 3956 4478 Matth.
3972 4424 4047 4489 2).
4087 4419 4212 4477 222.
4252 4420 4375 4478 226.
4421 4419 4541 4476 234.
4583 4418 4702 4475 235.

1119 4502 1244 4559 259.
1279 4509 1548 4559 rarissime
1583 4511 1759 4562 omisit
1790 4526 1926 4578 quae
1961 4514 2014 4563 in
2049 4513 2152 4564 hoc
2185 4513 2318 4565 libro
2354 4514 2563 4569 habuit:
2597 4532 2650 4567 v.
2674 4514 2797 4566 adn.
2828 4511 2941 4567 134.
2977 4511 3095 4568 157.
3131 4510 3254 4567 236.
3286 4511 3405 4568 239.
3460 4514 3624 4565 alium
3657 4514 3854 4564 fontem
3886 4511 4144 4577 suspicari
4175 4509 4302 4562 licet
4334 4510 4448 4561 solo
4482 4524 4548 4560 eo
4580 4508 4699 4559 loeo

1126 4592 1192 4644 de
1227 4607 1330 4659 quo
1364 4594 1423 4645 in
1457 4593 1635 4645 adnot.
1659 4592 1730 4649 89
1765 4596 2162 4663 disputavimus.
2199 4600 2358 4651 etiam
2389 4601 2593 4652 initium
2630 4604 2684 4653 et
2717 4600 2836 4654 finis
2870 4602 3115 4652 carminis
3139 4600 3495 4652 Hrodsvitbae
3528 4601 3774 4667 congruit
3805 4614 3924 4650 cum
3960 4597 4095 4649 libro
4127 4600 4323 4658 nostro,
4357 4594 4557 4647 addidit
4587 4599 4704 4644 tan-

1123 4684 1233 4730 tum
1269 4694 1336 4731 ex
1370 4694 1468 4733 suo
1504 4681 1718 4747 ingenio
1746 4681 2026 4748 epilogum.
2080 4685 2128 4736 si
2160 4687 2276 4751 quis
2311 4689 2447 4738 scire
2480 4686 2612 4749 vult,
2648 4703 2805 4753 quam
2838 4685 2958 4739 libri
2991 4690 3345 4739 recensionem
3381 4691 3562 4738 secuta
3596 4688 3667 4737 sit
3688 4686 3909 4751 poetria,
3941 4684 4169 4735 animum
4192 4682 4436 4736 intendat
4470 4683 4525 4734 in
4552 4687 4692 4734 locos

1132 4764 1250 4815 bos.
1303 4763 1510 4818 Annam
1543 4771 1704 4818 vocat
1725 4766 1943 4820 Achareo
1975 4776 2178 4823 mam:
2217 4786 2248 4822 e
2281 4771 2550 4823 codicibus
2583 4775 2778 4825 nostris
2803 4773 3123 4826 Parisiensis
3156 4774 3351 4839 primus
3384 4774 3510 4824 item
3532 4771 3738 4823 Annam
3762 4776 3923 4823 vocat
3942 4768 4306 4836 filimndaehor
4329 4768 4401 4835 (v.
4418 4768 4597 4820 adnot.
4612 4765 4707 4825 27)

1121 4864 1310 4901 nomen
1345 4851 1630 4905 sacerdotis
1664 4868 1711 4905 c.
1744 4853 1775 4905 7
1827 4858 2026 4921 poetria
2068 4857 2279 4910 exbibet
2308 4856 2563 4909 Abiarlior
2604 4874 2724 4910 cum
2771 4858 2953 4911 codice
2986 4860 3154 4910 Paris.
3198 4859 3365 4924 primo
3410 4863 3465 4909 et
3500 4857 3874 4924 Smttgartensi
3908 4863 4087 4909 nostro
4129 4858 4205 4921 (v.
4240 4856 4362 4908 adn.
4385 4851 4494 4915 90).
4547 4869 4704 4920 porro

1124 4934 1265 4997 dicit,
1300 4931 1438 4990 ³0⁰⁰
1461 4938 1691 5003 juvenes
1724 4940 1908 5008 virgas
1943 4957 2071 4994 suas
2106 4944 2359 4996 detulisse
2392 4945 2447 4994 in
2481 4945 2757 5011 templum:
2806 4945 3027 4996 eundem
3063 4960 3339 4996 numerum
3377 4944 3596 5010 praebet
3631 4945 3799 4997 Paris.
3835 4945 4034 5010 primus
4078 4942 4150 5007 (v.
4185 4942 4305 4995 adn.
4327 4937 4466 5008 109).
4509 4957 4703 4993 nomen

1122 5020 1326 5073 comitis
1358 5020 1583 5087 Mariae,
1626 5040 1779 5091 quem
1817 5025 2191 5093 »Sephiphonam
2226 5029 2435 5082 exbibet
2467 5032 2674 5096 poetria
2691 5066 2705 5092 ‚
2748 5032 2980 5097 proxime
3014 5030 3221 5082 accedit
3267 5028 3335 5080 ad
3373 5028 3742 5096 Sepkipkoram
3775 5031 4089 5082 Parisiensis
4125 5028 4278 5095 primi
4313 5026 4386 5090 (v.
4423 5026 4545 5079 adn.
4582 5023 4703 5088 122,

1121 5107 1214 5158 ubi
1247 5121 1340 5172 pro
1374 5108 1541 5162 Paris.
1575 5111 1711 5163 alter
1741 5112 1890 5181 legas
1923 5113 2094 5171 Paris.
2128 5115 2370 5181 primus);
2413 5116 2551 5168 idem
2595 5116 2742 5169 valet
2785 5115 2853 5168 de
2886 5118 3093 5168 nomine
3136 5115 3283 5167 urbis
3321 5115 3542 5169 sonitem
3582 5115 3701 5169 coll.
3749 5131 3796 5168 c.
3836 5113 4043 5168 Sotinen
4075 5113 4392 5166 Parisiensis
4427 5113 4582 5178 primi
4643 5122 4700 5166 et

1123 5190 1368 5245 Vaticani
1398 5197 1474 5253 (v.
1508 5196 1629 5250 adn.
1654 5194 1794 5264 238).
1845 5199 2125 5253 lectionem
2156 5201 2326 5255 iunior
2362 5199 2432 5266 (v.
2471 5203 2592 5256 adn.
2620 5199 2741 5268 125)
2779 5203 2936 5256 babet
2972 5201 3297 5256 Hrodsvitba
3340 5219 3456 5255 cum
3491 5204 3662 5255 Paris.
3697 5203 3863 5268 primo
3909 5207 3964 5254 et
3997 5200 4275 5253 Vincentio
4312 5198 4700 5270 Bellonesum,
