5242 6280
628 918 680 973 5.
730 918 977 986 Denique
1014 918 1439 984 praetermittere
1478 933 1581 971 non
1621 919 1869 974 debemus
1903 928 2101 976 textum
2134 923 2256 975 libri
2289 921 2522 973 Thomas
2556 920 2844 987 syriacum,
2878 933 3030 987 quem
3066 934 3097 972 e
3129 918 3247 974 cod.
3281 921 3447 973 musei
3479 918 3769 973 Britannici
3799 920 4006 986 syriaco

424 1020 528 1058 sec.
547 1000 611 1067 6,
644 1007 736 1058 ubi
769 1008 1053 1071 inscriptus
1097 1010 1179 1056 est
1209 1004 1547 1072 Evangelium
1591 1005 1809 1058 ssomae
1845 1008 2127 1061 ,israelitae
2166 1009 2269 1060 sive
2301 1005 2512 1060 historia
2544 1006 2798 1075 infantiae
2828 1005 3020 1057 destini
3047 1005 3235 1070 nostri,
3277 1003 3440 1057 edidit
3460 1004 3759 1058 Williamus
3791 1005 4008 1074 Wright

423 1094 480 1142 in
514 1091 648 1143 libro
685 1091 1075 1143 Contributions
1119 1095 1174 1143 to
1227 1092 1317 1144 the
1350 1090 1671 1158 apocrypbal
1703 1093 1973 1149 literature
2016 1095 2077 1148 of
2111 1095 2200 1148 the
2232 1096 2361 1147 Now
2395 1093 2699 1147 Testament
2731 1098 2833 1145 etc.
2873 1092 3042 1146 Lond.
3061 1086 3222 1145 1865:
3275 1090 3341 1143 de
3386 1106 3491 1159 quo
3536 1092 3719 1145 videas
3753 1090 4008 1144 Tischen-

334 1220 339 1225 .
424 1176 648 1230 dorflum
682 1179 740 1228 in
772 1177 972 1244 proleg.
1009 1177 1078 1229 ad
1112 1177 1461 1245 apocalypses
1496 1192 1672 1243 apocr.
1709 1178 1877 1248 (Lips.
1898 1178 2055 1249 1860)
2090 1198 2143 1251 p.
2159 1181 2291 1234 Lm
2315 1195 2428 1247 sqq.

636 1265 704 1315 V.
726 1304 731 1309 ,
755 1255 1113 1334 hugolini
1145 1257 1420 1318 inlutus
1455 1254 1764 1330 mmmm,
1819 1282 1849 1318 e
1883 1270 2091 1335 syriaca
2123 1267 2307 1336 lingua
2340 1264 2651 1318 hanalatum
2693 1265 2925 1325 (exstant
2967 1263 3140 1316 adhuc
3184 1265 3376 1330 syriaci
3415 1263 3575 1332 hujus
3609 1262 3730 1315 libri
3764 1258 4012 1325 codices),

432 1348 581 1415 Syris
624 1351 950 1417 potissimum
994 1348 1323 1401 Nestoriauis
1367 1347 1643 1413 probatum
1697 1356 1751 1402 et
1793 1351 1988 1406 lectum
2032 1356 2197 1406 fuisse
2241 1351 2481 1420 pluribus
2524 1352 2847 1417 argumentis
2889 1351 3101 1416 probari
3143 1356 3335 1417 potest.
3386 1351 3580 1415 primus
3624 1349 3812 1400 librum
3855 1344 4016 1398 edidit

429 1436 711 1488 Heinricus
747 1435 874 1488 Sike
913 1433 1081 1500 (Trai.
1115 1434 1184 1486 ad
1218 1433 1389 1485 Rhen.
1408 1428 1594 1499 1697),
1647 1441 1843 1490 textum
1880 1441 2147 1492 arabicum
2183 1439 2432 1491 exbibens
2478 1451 2597 1488 cum
2639 1436 2883 1487 versione
2916 1436 3082 1487 latina
3126 1442 3179 1488 et
3211 1437 3351 1488 notis
3384 1435 3618 1502 singulas
3652 1433 3859 1485 fabulas
3892 1432 4010 1483 illu-

431 1521 734 1576 strantibus.
769 1522 1065 1573 versionem
1103 1520 1235 1571 Sikii
1278 1518 1497 1571 latinam
1531 1524 1777 1589 repetivit
1807 1526 2085 1579 Fabricius
2120 1526 2156 1580 l.
2191 1540 2240 1577 c.
2279 1524 2329 1589 1,
2356 1519 2460 1577 168
2477 1548 2541 1561 -
2562 1519 2665 1575 211
2707 1522 2762 1572 in
2796 1522 2972 1587 capita
3003 1520 3072 1574 55
3117 1520 3431 1573 distinctam.
3484 1517 3673 1571 deinde
3716 1523 3770 1570 et
3812 1522 4009 1570 textum

432 1609 703 1660 arssbicum
739 1614 794 1658 02
825 1608 1119 1658 Wfflonem
1154 1605 1397 1668 latium,
1446 1606 1730 1678 Roedigeri
1762 1614 1863 1663 viri
1896 1611 2174 1665 clarissimi
2216 1625 2347 1662 cura
2380 1609 2657 1676 aliquoties
2691 1612 3013 1668 correctum,
3065 1604 3288 1671 adjectis
3331 1607 3468 1658 notis
3511 1604 3676 1657 edidit
3706 1603 3860 1656 Thilo
3897 1603 3931 1658 1.
3967 1618 4014 1654 c.

430 1712 482 1760 p.
505 1691 764 1754 03-158,
808 1696 928 1759 post
960 1691 1240 1743 Thilonem
1273 1692 1568 1744 versionem
1604 1694 1818 1748 latinam
1853 1699 2019 1752 solam
2052 1713 2085 1749 a
2120 1696 2456 1749 celeberrimo
2489 1693 2793 1746 Pleischero
2827 1693 3149 1759 recognitam
3183 1691 3475 1759 publicavit
3496 1688 3920 1743 Tischendorlius
3954 1690 4011 1739 in

435 1797 627 1850 evang.
651 1796 830 1847 apocr.
853 1794 905 1845 p.
927 1773 1222 1831 171—202.
1279 1778 1465 1844 incipit
1495 1778 1633 1832 liber
1665 1784 1734 1836 ab
1768 1789 1889 1836 ortu
1912 1785 2073 1837 Jesus
2109 1782 2575 1849 complectiturque
2606 1779 2720 1846 ejus
2741 1780 3019 1846 pueritiam
3052 1782 3105 1830 et
3126 1793 3263 1844 quae
3285 1777 3409 1829 fecit
3428 1776 3683 1829 miracula
3702 1777 3759 1828 in
3781 1775 4021 1842 Aegypto

435 1874 489 1918 et
520 1868 575 1917 in
608 1865 869 1918 Judaeam
904 1878 1146 1915 reversus
1181 1878 1352 1931 usque
1384 1863 1455 1915 ad
1490 1869 1680 1920 aetatis
1714 1884 1909 1922 annum
1944 1867 2332 1930 duodecimum,
2367 1872 2509 1920 totus
2542 1866 2654 1919 fere
2689 1880 2911 1918 versans
2943 1865 3000 1915 in
3023 1863 3326 1915 enarrandis
3358 1862 3552 1915 fabulis
3586 1860 3655 1914 ad
3675 1878 3761 1914 res
3783 1861 4018 1929 magicas

435 1958 490 2004 et
524 1953 806 2004 daemones
841 1953 1166 2016 spectantes,
1224 1949 1468 2015 qualibus
1502 1952 1783 2006 orientales
1819 1957 2043 2007 maxime
2077 1953 2430 2018 delectantur,
2485 1957 2541 2005 et
2575 1967 2713 2019 quae
2758 1966 2852 2017 per
2885 1951 3136 2002 orientem
3172 1947 3476 2015 divulgatae
3508 1951 3667 2001 etiam
3701 1946 4016 1999 Muhamedo

437 2043 713 2104 tantopere
752 2035 1063 2101 placuerunt
1095 2040 1157 2086 ut
1188 2041 1389 2102 partem
1423 2037 1479 2087 in
1504 2036 1766 2091 Coranum
1802 2055 1951 2093 suum
1975 2041 2364 2094 transcriberet.
2422 2039 2553 2091 liber
2576 2036 2748 2103 qualis
2781 2035 2933 2088 nobis
2966 2035 3190 2087 traditus
3226 2039 3307 2085 est
3327 2039 3568 2086 naturam
3602 2050 3711 2086 non
3745 2032 4016 2100 profitetur

433 2123 719 2190 simplicem
743 2127 797 2174 et
825 2135 1001 2186 unam,
1035 2120 1129 2171 sed
1157 2136 1222 2171 ex
1245 2120 1464 2174 diversis
1487 2124 1698 2190 scriptis
1723 2131 1777 2178 et
1798 2127 2155 2193 imperitorum
2182 2125 2510 2194 opinionibus
2536 2130 2812 2176 consutum
2838 2137 2961 2175 eum
2985 2136 3105 2173 esse
3133 2120 3394 2187 conjicere
3425 2120 3563 2172 licet.
3599 2120 3740 2186 quod
3756 2134 3860 2186 quo
3884 2123 4013 2169 tem·

438 2223 562 2274 pore
595 2207 791 2258 factum
827 2210 913 2266 sit,
948 2212 1146 2257 certum
1184 2221 1293 2258 uon
1325 2207 1505 2273 liquet.
1554 2211 1735 2263 insunt
1766 2214 1883 2265 sine
1916 2213 2075 2273 dubio
2109 2213 2504 2278 superstitiones
2537 2210 2953 2276 antiquissimae,
2989 2207 3083 2260 sed
3104 2205 3331 2269 codices,
3366 2206 3456 2272 qui
3490 2203 3699 2272 quidem
3750 2202 4020 2269 hucusque

436 2295 796 2353 innotuerunt,
832 2291 989 2343 finem
1026 2308 1130 2344 sec.
1154 2291 1222 2345 13
1256 2308 1506 2360 superare
1539 2311 1646 2347 non
1679 2297 1938 2351 videntur.
1985 2301 2231 2366 quocirca
2262 2298 2365 2349 viri
2398 2298 2539 2349 docti
2573 2295 2640 2348 de
2672 2295 2794 2346 libri
2827 2300 2999 2346 aetate
3032 2294 3218 2346 incerti
3250 2293 3484 2344 haerent.
3533 2289 3687 2341 nobis
3722 2287 3929 2355 quidem
3962 2286 4019 2335 in

440 2381 568 2431 duas
604 2379 933 2444 potissimum
966 2394 1052 2430 res
1086 2380 1292 2431 animus
1326 2379 1680 2434 advertendus
1715 2399 1834 2435 esse
1867 2386 2016 2437 visus
2053 2390 2160 2447 est,
2204 2383 2425 2451 primum
2470 2383 2610 2449 quod
2646 2379 2815 2447 cap.2
2848 2385 3054 2446 tempus
3098 2395 3200 2445 quo
3236 2378 3476 2431 Christus
3518 2381 3674 2427 natus
3717 2376 3788 2425 sit
3829 2387 4011 2424 secun·

439 2468 560 2517 dum
595 2481 770 2517 aeram
804 2464 1090 2516 Alexandri
1144 2463 1446 2531 definiatur,
1500 2466 1686 2520 deinde
1740 2470 1880 2536 quod
1921 2486 2038 2537 cap.
2066 2470 2098 2524 7
2142 2470 2367 2537 legimus
2409 2486 2444 2521 a
2476 2468 2822 2520 Zarathustra
2865 2467 3112 2517 Messinm
3154 2467 3474 2517 nasciturum
3519 2460 3842 2529 praedictum
3882 2473 4016 2510 esse.

440 2567 660 2617 quorum
693 2556 1120 2618 argumentorum
1163 2553 1388 2617 primum
1424 2553 1636 2618 quidem
1689 2556 1880 2622 fallax,
1929 2559 1977 2609 si
2019 2555 2323 2619 diligentius
2364 2570 2472 2606 rem
2517 2554 2924 2615 examinaveris,
2974 2566 3094 2603 nam
3140 2551 3378 2602 homines
3420 2548 3697 2601 orientales
3713 2583 3728 2612 ,
3779 2544 4016 2611 inprimis

440 2637 663 2700 Anba»
698 2652 793 2703 per
825 2642 994 2687 totum
1038 2637 1263 2688 medium
1299 2652 1487 2689 aevum
1521 2654 1687 2707 usque
1720 2641 1791 2694 ad
1824 2648 2061 2709 tempora
2092 2643 2385 2694 recentiora
2416 2640 2703 2693 Alexandri
2737 2654 2864 2691 aera
2897 2652 3023 2690 usos
3066 2652 3187 2688 esse
3220 2639 3445 2689 constat.
3497 2633 3590 2686 sed
3623 2632 3847 2685 alterum
3881 2628 4021 2696 quod

442 2724 749 2791 protulimus
801 2727 1165 2789 argumentum
1211 2738 1397 2776 ansam
1445 2726 1515 2776 ad
1565 2725 1911 2779 definiendam
1963 2728 2086 2780 libri
2136 2732 2361 2781 aetatem
2412 2728 2665 2793 praebere
2713 2724 2940 2777 videtur.
2989 2722 3202 2789 respicit
3258 2722 3394 2773 enim
3409 2756 3423 2783 ,
3476 2718 3617 2786 qnod
3673 2733 3772 2770 nos
3814 2715 4019 2783 quidem

442 2825 733 2873 censemus,
770 2813 975 2874 tempus
1000 2807 1395 2873 Sasanidarnm,
1429 2809 1933 2865 Achaemenidarum
1970 2821 2024 2866 et
2057 2815 2207 2882 regni
2241 2819 2295 2866 et
2326 2814 2594 2882 religionis
2616 2813 2992 2871 restitutorum,
3029 2807 3218 2875 quibus
3241 2806 3444 2865 deletis,
3479 2804 3851 2857 Zarathustrae
3883 2801 4026 2853 cultu

440 2914 474 2947 a
505 2893 910 2947 Mnbamedanis
945 2894 1162 2957 abolito,
1194 2896 1351 2947 istius
1381 2898 1701 2948 mentionem
1736 2898 1911 2950 facere
1944 2902 2033 2952 vix
2068 2901 2342 2966 quisquam
2370 2899 2621 2966 dignatus
2652 2898 2765 2950 fuit.
2809 2897 2902 2962 qui
2925 2894 3095 2948 cultus
3131 2893 3340 2962 quidem
3374 2892 3502 2944 licet
3532 2906 3641 2943 non
3674 2890 3851 2941 statim
3886 2888 4029 2940 radi·

439 2984 573 3034 citus
610 2984 679 3033 sit
711 2980 937 3032 abolitus
979 2984 1057 3039 (v.
1083 2980 1387 3047 spiegelum
1422 2983 1477 3031 iu
1510 2981 1648 3033 libro
1680 2982 1883 3036 Avesta
1907 2985 1956 3051 1,
1975 2983 2047 3039 38
2062 2989 2217 3052 sqq.),
2251 2988 2393 3038 vires
2426 2992 2603 3037 tamen
2639 2999 2759 3035 enm
2795 2981 2987 3033 vitales
3021 2995 3086 3031 ex
3120 2994 3183 3031 eo
3217 2983 3449 3044 tempore
3483 2984 3537 3029 et
3568 2976 3854 3029 auctoritas
3885 2972 4028 3040 apud

441 3069 677 3119 homines
714 3065 1031 3118 defecerunt.
1090 3081 1231 3131 quae
1267 3081 1424 3132 quum
1460 3069 1537 3119 ita
1572 3069 1692 3131 sint,
1727 3071 2058 3137 evangelium
2091 3071 2345 3122 infantiae
2380 3072 2648 3122 arabicum
2686 3073 2810 3120 aute
2832 3067 3060 3119 medium
3087 3063 3316 3116 seculum
3339 3064 3370 3117 7
3404 3063 3747 3128 compositum
3783 3075 3898 3112 esse
3931 3072 4027 3124 pro

442 3160 587 3207 certo
636 3155 909 3207 habemus.
940 3137 949 3149 ’
978 3152 1221 3204 Ceterum
1268 3152 1392 3205 vide
1425 3153 1701 3208 Thilonem
1745 3157 1779 3210 l.
1818 3174 1865 3212 c.
1910 3159 1966 3208 in
2006 3158 2208 3225 proleg.
2243 3159 2273 3220 ἕ
2296 3155 2330 3210 3
2364 3171 2417 3222 p.
2442 3157 2616 3209 xxvl
2644 3187 2689 3199 -
2719 3154 2890 3207 mv
2941 3159 2995 3206 et
3040 3166 3178 3219 quae
3214 3151 3356 3202 clare
3400 3166 3466 3202 ac
3508 3148 3735 3202 dilucide
3780 3145 4032 3197 disseruit

443 3238 867 3292 Tischendorfius
900 3238 935 3289 l.
973 3255 1020 3289 c.
1057 3255 1108 3304 p.
1135 3238 1502 3291 xmx-le
1537 3247 1591 3293 et
1622 3243 1681 3293 in
1714 3243 1849 3295 libro
1885 3244 1951 3295 de
1988 3260 2175 3312 evang.
2213 3257 2386 3310 apocr.
2421 3245 2552 3311 orig.
2589 3247 2648 3294 et
2679 3257 2781 3293 usu
2813 3241 2844 3303 β
2870 3237 2936 3292 13
2969 3256 3020 3305 p.
3038 3232 3261 3291 48-52.

648 3326 742 3377 VI.
794 3326 987 3376 Exstat
1020 3324 1261 3376 collectio
1307 3324 1604 3378 fabularum
1651 3328 1719 3379 de
1753 3328 1883 3380 Jesu
1917 3330 2117 3382 infante
2163 3336 2216 3383 et
2264 3344 2430 3396 puero
2474 3326 2598 3379 inde
2641 3343 2676 3378 a
2709 3327 2839 3393 fuga
2882 3327 2937 3375 in
2970 3325 3269 3391 Aegyptum
3320 3334 3485 3387 usque
3529 3318 3598 3370 ad
3639 3319 3788 3384 pueri
3831 3332 4030 3369 annum

446 3413 835 3476 duodecimum,
878 3411 1042 3463 latino
1080 3425 1322 3462 sermone
1360 3413 1688 3479 conscripta,
1736 3427 1857 3465 cum
1891 3414 2084 3467 fabulis
2120 3432 2256 3483 quae
2297 3424 2350 3466 et
2395 3416 2452 3465 in
2485 3412 2575 3465 illo
2609 3412 2847 3463 Thomas
2878 3410 3014 3461 libro
3050 3416 3104 3461 et
3136 3410 3193 3459 in
3228 3405 3502 3473 evangelio
3533 3405 3789 3456 infantiae
3822 3403 4034 3454 arabico

446 3504 726 3550 narrantur
759 3497 944 3563 partim
981 3498 1324 3548 consentiens
1358 3498 1591 3565 (prologi
1626 3498 1743 3551 loco
1778 3503 2071 3566 praemissa
2103 3508 2184 3554 est
2214 3502 2459 3554 Pseudo
2468 3498 2783 3564 Hieronymi
2818 3495 3040 3563 epistola
3070 3495 3165 3547 illa
3198 3493 3266 3544 ad
3303 3491 3656 3544 Chromatium
3701 3495 3752 3542 et
3784 3487 4034 3541 Heliodo-

445 3600 559 3634 rum
597 3585 874 3649 episcopos
918 3580 1020 3645 Qus·
1050 3588 1243 3632 terram
1287 3582 1412 3633 auri
1443 3585 1689 3636 consciam
1723 3591 1849 3646 etc.)
1884 3589 1939 3637 iu
1975 3586 2181 3639 duobus
2214 3586 2562 3638 bibliothecae
2593 3585 2988 3637 Laurentianae
3019 3581 3310 3633 codicibus.
3364 3595 3416 3630 v.
3450 3575 3765 3630 Bandinium
3797 3576 3855 3625 in
3889 3578 4031 3626 cata·

448 3670 569 3737 logo
606 3668 772 3735 ejusd.
806 3667 934 3719 bibl.
963 3665 1139 3731 1,.’593
1174 3673 1229 3719 ct
1251 3668 1303 3730 4,
1328 3667 1447 3721 47⁴.

650 3753 771 3805 vll.
820 3753 976 3805 Hanc
1010 3753 1308 3805 fabularum
1347 3753 1711 3808 collectionem
1744 3757 2075 3824 conjunctam
2111 3757 2367 3810 habemns
2401 3763 2462 3810 ut
2493 3757 2702 3809 videtur
2733 3757 2990 3822 integram
3023 3755 3082 3805 in
3116 3752 3352 3818 pluribus
3386 3748 3655 3801 codicibus
3689 3761 3806 3798 cum
3842 3744 3934 3796 illo
3969 3743 4035 3795 de

448 3840 670 3891 infantia
703 3839 905 3891 Mariae
942 3845 996 3891 et
1031 3839 1229 3892 Christi
1264 3839 1545 3893 salvatoris
1578 3842 1712 3894 libro
1749 3842 1815 3895 de
1850 3860 1953 3910 quo
2001 3860 2163 3911 snpra
2197 3844 2295 3896 sub
2327 3844 2384 3896 11
2418 3844 2621 3912 egimus
2638 3879 2653 3906 ,
2687 3845 2762 3895 ita
2794 3846 2854 3895 ut
2885 3841 3018 3893 liber
3053 3837 3312 3892 efficiatur
3344 3851 3447 3904 quo
3481 3835 3699 3887 historia
3751 3838 3806 3883 et
3835 3830 4035 3882 Mariae

449 3926 665 3992 ejusque
710 3932 983 3992 parentum
1024 3931 1081 3978 et
1114 3925 1278 3977 Jesus
1322 3928 1473 3992 pueri
1519 3942 1687 3994 usque
1730 3929 1800 3981 ad
1842 3945 2034 3981 annum
2082 3931 2272 3981 utatis
2317 3929 2679 3983 duodecimum
2725 3933 2838 3980 tota
2878 3924 3362 3994 comprehendatur.
3416 3919 3739 3987 amplissima
3780 3915 3914 3967 haec
3955 3919 4037 3966 est

449 4011 745 4063 fabularum
779 4010 1036 4077 ejusmodi
1071 4026 1208 4078 quae
1243 4011 1452 4078 quidem
1488 4013 1543 4063 in
1578 4013 1728 4066 libris
1762 4014 1940 4067 latinis
1975 4019 2146 4067 exstat
2178 4015 2435 4068 collectio.
2488 4017 2555 4067 ad
2589 4031 2747 4081 quam
2784 4015 2981 4080 primus
3003 4009 3162 4064 Thilo
3184 4011 3415 4062 animum
3437 4006 3685 4069 advertit,
3717 4017 3887 4071 neque
3907 4016 4035 4054 vero

450 4097 615 4148 edidit
663 4104 718 4148 et
752 4103 961 4163 propter
996 4097 1206 4150 fabulas
1239 4100 1385 4166 ipsas
1418 4099 1772 4167 ineptissimas
1806 4109 1861 4154 et
1903 4106 2116 4170 propter
2148 4107 2343 4154 textum
2392 4117 2570 4155 earum
2612 4103 2669 4152 in
2704 4100 2887 4152 codice
2920 4113 3018 4149 suo
3060 4096 3217 4149 valde
3252 4095 3609 4161 depravatum.
3660 4091 3760 4142 ruit
3789 4091 3837 4141 is
3870 4086 4038 4141 codex

449 4185 765 4235 Parisiensis
810 4185 901 4236 ille
944 4200 1055 4237 sec.
1071 4182 1155 4248 15,
1208 4184 1363 4252 cujus
1396 4188 1583 4251 prioris
1617 4190 1782 4252 partis
1817 4191 1990 4240 varias
2023 4187 2275 4239 lectiones
2310 4188 2452 4253 libri,
2504 4189 2569 4240 de
2604 4201 2709 4254 quo
2745 4184 2843 4237 snb
2865 4184 2921 4236 11
2972 4183 3353 4251 disputavimus
3368 4217 3382 4245 ,
3431 4178 3596 4231 textui
3643 4174 3925 4240 subjunxit.
3975 4178 4036 4224 ut

450 4274 625 4320 tamen
661 4277 1012 4336 cognoscatur
1048 4277 1176 4338 quot
1220 4277 1273 4324 et
1319 4286 1450 4337 quas
1483 4271 1691 4325 fabulas
1725 4274 1893 4325 codex
1928 4275 2218 4339 contineat,
2269 4280 2580 4342 argumenta
2614 4271 2939 4338 singulorum
2974 4271 3199 4337 capitum
3213 4303 3227 4330 ,
3272 4281 3406 4334 qnae
3441 4268 3568 4318 sunt
3586 4259 3681 4326 48,
3715 4259 4035 4313 brevissimis

453 4355 628 4406 verbis
664 4355 802 4407 libro
840 4357 1075 4422 praefixa
1108 4357 1344 4409 exhibuit
1375 4358 1429 4408 in
1450 4358 1651 4426 proleg.
1675 4375 1721 4426 p.
1748 4359 2131 4423 CIX—exul,
2164 4361 2410 4425 repetivit
2430 4356 2858 4412 Tischendorfius
2877 4358 2933 4407 in
2956 4355 3156 4423 proleg.
3178 4352 3247 4404 ad
3269 4364 3457 4416 evang.
3481 4364 3660 4416 apocr.
3688 4363 3740 4414 p.
3757 4344 3933 4398 xm
3957 4360 4036 4411 sq.

454 4440 686 4506 sequitur
720 4442 778 4493 in
810 4441 996 4495 codice
1029 4442 1170 4494 hunc
1204 4444 1438 4511 capitum
1474 4443 1697 4495 indicem
1732 4443 1870 4496 idem
1904 4445 1998 4496 ille
2030 4445 2298 4512 prologus,
2335 4460 2492 4513 quem
2524 4447 2580 4496 in
2613 4445 2786 4496 Paris.
2822 4443 2989 4510 primo
3022 4441 3143 4493 libri
3176 4437 3427 4490 infantiae
3459 4435 3685 4502 legimus
3719 4446 3787 4486 cv.
3815 4432 3915 4484 sub
3936 4429 4036 4495 11),

453 4542 557 4591 quo
592 4527 830 4580 Jacobus
873 4534 1054 4581 auctor
1102 4529 1223 4581 libri
1274 4534 1632 4595 nuncupatur,
1686 4527 1872 4581 deiude
1912 4530 2097 4584 titulus
2136 4531 2311 4599 incipis
2351 4531 2550 4583 libellus
2587 4531 2653 4582 de
2696 4528 2953 4581 miraculis
2998 4524 3249 4595 infantiae
3288 4520 3479 4575 domitii
3510 4519 3637 4572 Jesu
3673 4517 3858 4571 Oia-isti
3894 4524 3943 4568 ct
3973 4515 4039 4568 de

450 4619 601 4678 patre
633 4621 680 4664 et
713 4621 875 4666 matre
907 4614 1083 4668 beatae
1118 4615 1340 4669 Mariae.
1393 4617 1592 4682 primus
1624 4614 1815 4666 librum
1864 4622 2028 4668 totum
2071 4617 2236 4669 edidit
2266 4616 2695 4670 Tischeudorflus
2731 4617 2787 4667 in
2821 4631 3011 4683 evang.
3044 4627 3221 4679 apocr.
3257 4625 3306 4677 p.
3326 4604 3608 4672 roo—1⁰5,
3659 4609 3872 4658 uentus
3907 4601 4038 4655 δυο·

453 4697 664 4750 codices
699 4699 926 4762 italicos,
962 4701 1274 4755 Vaticanum
1312 4709 1367 4755 et
1398 4702 1827 4765 laurentianum,
1862 4717 2081 4767 quorum
2116 4709 2339 4755 aetatem
2375 4709 2540 4757 tacet:
2576 4709 2703 4770 puto
2739 4718 2830 4754 eos
2862 4716 2967 4753 non
3002 4713 3122 4751 esse
3155 4698 3499 4764 pervetustos.
3547 4706 3766 4759 quornm
3799 4687 4038 4740 codicum

458 4783 607 4846 alter,
643 4800 799 4849 quem
836 4787 1068 4840 secundo
1102 4788 1221 4839 leco
1256 4787 1432 4850 habet,
1466 4787 1855 4840 Laurentianus
1889 4790 1943 4839 in
1977 4788 2079 4841 fine
2113 4791 2350 4842 noh‘tiam
2384 4791 2486 4843 fert
2518 4795 2723 4842 sanans
2755 4786 3009 4855 apostolus
3048 4792 3097 4836 ct
3128 4781 3431 4850 evangelista
3463 4777 3720 4832 Iohannes
3749 4789 3911 4826 manu
3943 4789 4042 4825 sua

455 4870 652 4937 scripsit
685 4870 821 4922 hunc
853 4872 1076 4924 libellum
1107 4872 1355 4925 hebraicis
1388 4872 1549 4924 literis
1581 4873 1950 4942 comiqsiaium,
1986 4890 2131 4941 quem
2157 4874 2444 4927 leronimus
2476 4875 2645 4928 doctor
2677 4875 2765 4927 ille
2788 4873 3091 4942 perspicuus
3122 4871 3186 4923 ds
3219 4867 3450 4921 hebraico
3480 4865 3537 4916 in
3570 4859 4040 4914 Ζαῆπτιπῑᾶεᾶυωῧ·

455 4972 508 5007 v.
541 4957 681 5009 inita
715 4957 867 5032 hujus
900 4957 1092 5011 dissert
1137 4974 1189 5025 p.
1212 4955 1295 5023 10,
1315 4959 1402 5013 ἓν.
1422 4960 1493 5013 in.
1546 4959 1680 5012 alter
1725 4975 1876 5026 quem
1920 4962 2143 5013 maxime
2189 4968 2402 5014 secutus
2449 4967 2530 5014 est
2561 4960 2855 5014 Vaticanus
2898 4959 3035 5012 tituli
3078 4958 3196 5010 loco
3240 4955 3401 5007 habet
3438 4950 3613 5018 incipit
3653 4948 3780 5001 liber
3819 4946 3883 4998 de
3924 4952 4040 4997 orm

457 5041 631 5093 beatae
669 5042 876 5102 Mariae
928 5050 976 5096 et
1010 5044 1238 5110 infamia
1271 5044 1539 5098 salvam-is
1578 5065 1614 5097 a
1658 5046 1800 5099 beato
1836 5046 2096 5100 laubaco
2128 5047 2433 5114 evmsqslista
2472 5047 2704 5100 hebraice
2743 5046 2957 5115 scriptus
2996 5051 3044 5097 et
3083 5060 3119 5095 a
3159 5042 3299 5094 beato
3331 5036 3627 5090 flueren-imo
3655 5033 3946 5102 wem
3984 5048 4042 5082 ἠ

456 5126 675 5179 latinum
706 5129 990 5181 translatu
1004 5165 1019 5194 ,
1068 5146 1224 5197 quem
1256 5131 1463 5184 titulum
1500 5141 1794 5199 sequuntur
1826 5134 1967 5185 dnae
1999 5133 2124 5185 illae
2158 5134 2410 5200 epistolae
2456 5139 2511 5185 et
2543 5134 2833 5186 Chromatii
2865 5130 3241 5196 Heliodorique
3275 5127 3634 5194 episcoporum
3676 5119 3747 5173 ad
3778 5119 4038 5183 Hierony-

459 5229 604 5266 mum
639 5222 693 5267 et
721 5215 1029 5283 Hieronymi
1067 5217 1189 5270 data
1222 5217 1327 5270 illis
1360 5219 1650 5284 responsio,
1686 5218 1750 5270 de
1784 5220 1972 5285 quibus
2000 5218 2110 5285 jam
2145 5234 2306 5286 supra
2340 5220 2582 5273 diximus.
2637 5219 2793 5285 hujus
2826 5217 3025 5270 codicis
3059 5214 3306 5268 Vaticani
3335 5210 3476 5265 tituli
3509 5209 3818 5261 auctoritate
3851 5205 4039 5257 ductus
